2967 4300
445 329 529 394 38

1130 339 1189 391 c,
1236 335 1587 390 SALLUSTI
1633 339 1867 390 CRISPI
2462 337 2553 402 [48

458 472 489 497 Ἰ
547 513 750 574 veluti
775 532 854 572 ex
882 513 1185 574 servitfite
1220 517 1437 590 erepta
1470 511 1768 588 gaudium
1802 517 1989 589 atque
2023 511 2331 571 laetitiam
2365 511 2554 586 agita

446 1479 504 1526 10

547 616 733 721 bats(
727 636 999 696 namque
1018 618 1146 701 alia
1165 617 1318 679 belli
1338 618 1623 677 facinora
1642 618 1909 695 praedae
1932 617 2130 693 magis
2153 635 2339 694 quam
2370 617 2554 676 detri-

548 730 761 784 mente
789 724 942 799 fore,
965 724 1323 783 incendium
1351 731 1501 783 vere
1532 722 1800 796 credele,
1826 723 2302 782 immoderatum
2332 740 2403 782 ac
2432 721 2552 782 sibi

548 839 841 889 maxume
879 829 1333 892 calamitesum
1352 829 1635 906 putabat,
1672 831 1904 909 quippe
1942 827 2044 887 6111
2082 836 2295 887 omnes
2338 827 2551 904 cepiae

547 934 616 994 in
643 944 763 996 sisu
789 935 1106 995 cotidiane
1133 939 1200 994 et
1226 933 1401 993 cultu
1428 932 1705 1010 corporis
1734 938 1982 995 erantffl·

627 1041 785 1100 Post
816 1058 954 1099 eum
996 1039 1161 1099 diem
1197 1039 1456 1116 quidam
1493 1040 1563 1097 L.
1595 1038 1975 1115 Tarquinius
2014 1038 2093 1097 ad
2131 1043 2417 1098 senatum
2455 1038 2555 1097 ad-

548 1144 773 1205 ductus
806 1149 960 1220 erat,
991 1162 1175 1222 quem
1204 1144 1284 1205 ad
1314 1144 1652 1205 Catilinam
1685 1143 2179 1221 proficiscentem
2213 1161 2290 1202 ex
2326 1143 2552 1202 itinere

547 1254 887 1309 retractum
931 1250 1199 1310 aiebant.
1303 1250 1371 1309 Is
1416 1268 1559 1309 cum
1608 1258 1676 1308 se
1724 1248 1959 1308 diceret
2006 1248 2426 1308 indicaturum
2476 1249 2553 1307 de

547 1355 993 1431 conifiratiene,
1024 1364 1080 1415 si
1115 1354 1271 1414 fides
1304 1353 1559 1432 pfiblica
1592 1354 1742 1414 data
1773 1358 1956 1429 esset,
1987 1353 2194 1414 iussus
2228 1362 2267 1412 a
2296 1353 2551 1413 censule

549 1478 709 1537 quae
739 1465 927 1520 sciret
961 1461 1220 1535 edicere,
1249 1461 1467 1520 eadem
1501 1459 1636 1518 fere
1670 1477 1828 1536 quae
1853 1457 2234 1534 Volturcius,
2266 1458 2343 1518 de
2380 1468 2554 1536 para-

547 1546 635 1626 tis
663 1565 991 1642 incendiis,
1021 1566 1098 1625 de
1124 1566 1312 1625 caede
1341 1566 1661 1640 bonerum,
1691 1565 1769 1624 de
1799 1564 2024 1624 itinere
2056 1563 2353 1639 hostium,
2385 1573 2554 1624 sena-

548 1676 685 1730 tum
706 1671 886 1731 docet
905 1694 918 1747 3
959 1677 1282 1750 praeterea
1303 1680 1370 1731 se
1391 1670 1653 1731 missum
1676 1680 1714 1730 a
1734 1670 1821 1728 M.
1848 1670 2090 1744 Crasse,
2110 1678 2221 1746 qui
2241 1668 2550 1730 Catilinae

452 1860 459 1867 ⁶
548 1776 889 1852 nuntiaret,
919 1787 998 1836 ne
1026 1795 1169 1836 eum
1197 1775 1505 1836 Lentulus
1533 1781 1600 1835 et
1626 1774 1937 1850 Cethegus
1972 1774 2206 1852 aliique
2240 1793 2318 1834 ex
2350 1774 2553 1837 conisl-

439 3572 498 3618 30

549 1881 791 1941 ratiene
829 1881 1202 1959 deprehensi
1237 1886 1564 1956 terrerent,
1600 1889 1796 1957 eeque
1833 1879 2032 1956 magis
2070 1885 2436 1958 properaret
2471 1880 2552 1940 ad

548 1987 766 2047 urbem
794 1987 1102 2062 accedere,
1133 1996 1256 2064 que
1287 1992 1352 2046 et
1384 1991 1729 2046 cetererum
1766 1985 2005 2046 animes
2041 1984 2323 2044 reficeret
2355 1991 2421 2044 et
2453 1985 2552 2045 illi

547 2091 801 2153 facilius
863 2101 897 2151 e
958 2092 1237 2170 pericule
1298 2092 1702 2170 eriperentur.
1822 2090 1943 2151 Sed
2004 2090 2120 2166 ubi.
2172 2090 2551 2168 Tarquinius

549 2198 842 2259 Crassum
875 2197 1244 2273 neminavit,
1273 2197 1589 2257 hominem
1624 2197 1916 2271 nebilem,
1947 2206 2256 2256 maxumis
2291 2197 2549 2271 divitiiS,

549 2312 792 2363 summa
819 2304 1121 2381 potentia,
1151 2303 1265 2363 alii
1297 2321 1430 2363 rem
1462 2302 1895 2363 incredibilem
1929 2307 2070 2376 rati,
2100 2320 2266 2379 pars,
2296 2306 2551 2362 tametsi

547 2418 760 2467 verum
808 2409 1289 2486 existumabant,
1331 2413 1546 2468 tamen
1589 2407 1738 2486 quia
1780 2409 1849 2466 in
1892 2406 2012 2467 tali
2052 2413 2330 2485 tempore
2373 2413 2553 2467 tanta

547 2523 646 2574 vis
682 2513 954 2573 hominis
991 2513 1193 2589 magis
1230 2513 1531 2573 leniunda
1567 2531 1752 2591 quam
1792 2512 2170 2588 exagitanda
2203 2512 2548 2587 videbatur,

547 2619 831 2697 plerique
866 2619 1090 2679 Crasse
1127 2637 1207 2679 ex
1242 2620 1513 2696 negetiis
1550 2624 1817 2696 privatis
1854 2618 2124 2693 obnoxii,
2159 2617 2550 2677 conclamant

547 2724 818 2784 indicem
847 2724 1080 2784 falsum
1115 2742 1269 2800 esse,
1300 2725 1501 2802 deque
1528 2733 1602 2784 ea
1631 2734 1695 2783 re
1724 2723 2047 2808 postulant
2083 2728 2181 2782 uti
2219 2722 2543 2782 referatur.

548 2829 791 2907 Itaque,
834 2829 1195 2889 censulente
1240 2830 1556 2904 Cicerene,
1598 2830 1897 2908 frequens
1948 2835 2200 2891 senatus
2250 2830 2545 2904 decernit,

548 2934 850 3012 Tarquini
878 2934 1179 2994 indicium
1208 2935 1440 2995 falsum
1468 2935 1673 2994 videri
1709 2954 1972 3013 eumque
2007 2934 2074 2993 in
2102 2934 2371 2994 vinculis
2410 2934 2552 2993 reti-

545 3040 839 3116 nendum,
883 3058 1083 3118 neque
1131 3040 1402 3118 amplius
1449 3045 1826 3117 potestatem
1875 3039 2254 3116 faciundam,
2296 3039 2422 3101 nisi
2472 3040 2548 3099 de

546 3154 620 3205 ee
663 3145 986 3220 indicaret,
1029 3144 1206 3205 cuius
1249 3144 1513 3206 censilie
1557 3150 1799 3205 tantam
1842 3163 1974 3224 rem
2017 3151 2183 3205 esset
2226 3150 2543 3207 mentitus.

546 3250 747 3310 Erant
799 3260 872 3309 ee
925 3256 1204 3327 tempore
1258 3259 1369 3327 qui
1422 3255 1877 3311 existumarent
1929 3249 2233 3309 indicium
2290 3249 2453 3310 illud
2513 3260 2551 3310 a

544 3356 614 3413 P.
646 3354 957 3434 Autronie
992 3354 1454 3430 machinatum,
1474 3365 1597 3433 que
1639 3354 1908 3430 faciliuS,
1945 3354 2261 3436 appellate
2305 3356 2545 3430 Crasse,

545 3477 656 3536 per
699 3459 1058 3519 societatem
1104 3461 1368 3538 periculi
1410 3440 1684 3539 reliques
1734 3460 1908 3521 illius
1958 3460 2243 3537 potentia
2289 3465 2545 3536 tegeret.

544 3564 680 3623 Alii
708 3565 1119 3642 Tarquinium
1157 3574 1196 3624 a
1229 3566 1523 3626 Cicerene
1563 3565 1911 3627 immissum
1952 3565 2223 3641 aiebant,
2259 3575 2337 3624 ne
2377 3566 2551 3626 Cras-

545 3688 651 3730 sus
679 3679 850 3729 mere
878 3655 1007 3744 sue,
1032 3676 1321 3747 suscepte
1349 3671 1656 3731 malerum
1684 3671 2049 3748 patrecinie,
2073 3689 2202 3730 rem
2233 3670 2548 3747 publicam

543 3774 956 3834 conturbaret.
1058 3775 1277 3852 Ipsum
1322 3776 1617 3836 Crassum
1661 3794 1774 3852 ego
1818 3782 2037 3853 postea
2085 3776 2548 3854 praedicantem
