2967 4300
436 395 523 460 44

441 1540 499 1587 10

438 3118 496 3163 25

437 3639 496 3684 30

1122 407 1181 458 C.
1229 405 1577 458 SALLUSTI
1623 405 1859 457 CRISPI
2454 406 2545 472 [51

542 585 989 640 vestimentum
1031 578 1296 639 alicuius
1338 583 1800 656 concupiverat,
1841 578 2032 638 dabat
2073 596 2343 656 operam,
2382 583 2455 638 ut
2490 577 2547 638 is

541 684 609 745 in
650 690 1141 763 proscriptorum
1183 693 1442 745 numero
1484 688 1666 744 esset.
1751 684 1857 744 Ita
1895 682 2014 759 illi,
2054 683 2282 762 quibus
2325 684 2547 744 Dama-

543 790 712 869 sippi
738 809 905 865 mors
933 790 1215 851 laetitiae
1251 791 1479 865 fuerat,
1520 789 1710 868 paulo
1750 794 1895 867 post
1935 789 2061 867 ipsi
2101 789 2543 865 trahebantur3

541 914 744 974 neque
771 895 1131 974 prius-f'mis
1168 895 1498 972 iugulandi
1538 894 1666 955 fuit
1706 913 1893 973 quam
1939 894 2115 955 Sulla
2156 904 2357 956 omnIs
2401 904 2546 956 suos

543 1000 788 1061 divitiIs
817 1000 1113 1078 explevit.
1170 1000 1384 1079 Atque
1411 1019 1526 1078 ego
1554 1000 1709 1060 haec
1737 1010 1864 1060 non
1889 1000 1959 1059 in
1986 1000 2073 1060 M.
2106 999 2317 1060 Tullio
2344 1017 2546 1077 neque

542 1106 642 1167 his
684 1106 1070 1183 temporibus
1107 1123 1356 1182 vereor3
1409 1106 1521 1167 sed
1561 1105 1630 1165 in
1671 1114 1900 1182 magna
1942 1106 2199 1165 civitate
2242 1105 2443 1165 multa
2482 1110 2574 1173 etl

542 1210 721 1272 varia
764 1210 1018 1287 ingenia
1062 1216 1225 1271 sunt.
1310 1212 1532 1271 Potest
1581 1211 1707 1271 6116
1753 1216 2052 1289 tempore,
2098 1210 2224 1271 alio
2272 1210 2544 1286 consule,

543 1315 646 1376 cui
675 1316 827 1376 item
857 1316 1168 1376 exercitus
1204 1315 1274 1375 in
1309 1325 1502 1376 manu
1542 1316 1647 1394 sit,
1687 1315 1922 1376 falsum
1964 1315 2207 1393 aliquid
2247 1325 2361 1393 pro
2398 1325 2547 1376 vero

543 1421 744 1498 cred13
800 1421 909 1481 ubi
963 1423 1080 1482 1166
1135 1423 1422 1500 exemplo
1477 1441 1589 1500 per
1646 1427 1899 1483 senatus
1956 1421 2274 1481 decretum
2327 1419 2547 1481 consul

543 1526 823 1603 gladium
851 1526 1159 1602 eduxerit,
1191 1527 1333 1605 quis
1366 1526 1468 1586 illi
1498 1527 1697 1586 finem
1736 1531 1972 1587 statuet
2009 1531 2121 1587 aut
2162 1525 2302 1603 quis
2345 1525 2549 1586 mode-

543 1631 785 1692 rabitur
803 1634 837 1692 '2
1682 1631 1686 1637 '

622 1739 946 1800 “Maiores
974 1745 1195 1813 nostri,
1226 1745 1436 1816 patres
1466 1744 1826 1816 conscripti,
1857 1755 2060 1814 nequo
2089 1735 2315 1796 consili
2344 1753 2548 1813 neque

543 1839 838 1900 audaciae
871 1859 1170 1917 umquam
1207 1850 1448 1929 6811616,
1486 1858 1691 1918 neque
1732 1839 1863 1901 illis
1907 1840 2199 1917 superbia
2239 1841 2545 1912 obstabat,

543 1954 668 2023 quo
704 1944 912 2005 minus
951 1945 1159 2005 6116116
1197 1926 1512 2021 instituta,
1552 1954 1609 2006 si
1649 1944 1830 2004 modo
1874 1945 2068 2023 proba
2109 1950 2306 2019 erant,
2346 1944 2547 2006 imita·

543 2056 775 2110 rentur.
861 2049 1060 2110 Arma
1105 2055 1296 2128 atque
1343 2050 1472 2111 tela
1519 2050 1821 2111 militaria
1875 2051 1953 2111 ab
2003 2050 2410 2126 Samnitibus,
2459 2059 2546 2109 in-

545 2156 750 2233 signia
802 2155 1284 2233 magistratuum
1340 2156 1419 2218 ab
1464 2144 1697 2217 ‘Tuscis
1751 2156 2051 2234 pleraque
2106 2161 2533 2235 sumpserunt3

543 2269 859 2341 postremo
902 2263 1070 2341 quod
1111 2263 1344 2339 ubique
1388 2263 1559 2339 apud
1604 2261 1804 2323 socios
1849 2267 1960 2322 aut
2005 2262 2208 2323 hostis
2252 2259 2545 2342 idoneum

544 2367 892 2442 videbatur,
920 2385 1063 2427 oum
1096 2377 1340 2428 summo
1377 2367 1589 2428 studio
1627 2368 1798 2427 domi
1836 2368 2368 2445 exsequebantur:
2412 2366 2548 2426 imi-

542 2478 670 2533 tari
695 2490 882 2550 quam
910 2472 1190 2533 invidere
1217 2473 1399 2533 bon‘is
1427 2473 1761 2534 malebant.
1849 2472 1973 2533 Sed
2000 2473 2220 2532 eodem
2252 2472 2364 2532 1116
2397 2477 2545 2533 tem-

543 2598 691 2657 pore
721 2578 1020 2639 Graeciae
1049 2588 1284 2638 morem
1313 2578 1549 2639 imitati
1571 2579 1930 2650 verberibus
1961 2578 2547 2639 animadvortebant

544 2683 613 2743 in
639 2692 814 2760 civis,
844 2684 923 2744 (16
955 2683 1386 2744 condemnatis
1426 2703 1738 2744 summum
1777 2683 2158 2761 supplicium
2198 2684 2543 2744 sumebant.

541 2790 888 2867 Postquam
918 2799 1015 2849 res
1044 2789 1298 2867 publica
1323 2788 1603 2849 adolevit
1632 2794 1696 2849 et
1723 2788 2133 2849 multitudine
2161 2788 2395 2848 civium
2422 2788 2548 2848 fac-

541 2894 745 2955 tiones
768 2893 1038 2970 valuere,
1062 2894 1503 2954 circumveniri
1529 2894 1911 2969 innocentes,
1935 2893 2063 2954 alia
2088 2893 2349 2954 huiusce
2374 2893 2548 2953 modi

541 2998 680 3059 fieri
705 3009 980 3077 coepere,
1010 3005 1147 3059 tum
1175 2999 1280 3058 lex
1306 2999 1533 3059 Porcia
1557 2999 1844 3078 aliaeque
1877 2999 2047 3075 leges
2084 3003 2340 3076 paratae
2378 3004 2545 3074 sunt,

543 3105 769 3182 quibus
798 3104 1043 3182 legibus
1072 3103 1366 3165 exsilium
1395 3104 1712 3166 damnatis
1749 3104 2126 3182 permissum
2162 3109 2275 3165 est.
2361 3104 2546 3163 Hanc

541 3227 655 3285 ego
692 3228 961 3300 causam,
1001 3215 1212 3287 patres
1256 3215 1617 3288 conscripti,
1660 3219 1785 3288 quo
1828 3210 2038 3270 minus
2081 3227 2309 3269 novom
2351 3208 2548 3269 consi-

540 3313 698 3373 lium
726 3295 1063 3392 capiamus,
1095 3315 1161 3373 in
1190 3324 1413 3393 primis
1442 3324 1731 3391 magnam
1762 3321 1934 3393 puto.
2020 3315 2315 3375 Profecto
2342 3314 2545 3374 virtus

542 3424 730 3496 atque
761 3419 1074 3497 sapientia
1100 3420 1298 3480 maior
1324 3420 1455 3480 illis
1483 3419 1630 3496 fuit,
1664 3430 1775 3498 qui
1802 3439 1881 3481 ex
1908 3431 2120 3499 parvis
2156 3420 2379 3499 opibus
2414 3425 2547 3479 tan-

540 3528 673 3583 tum
710 3523 1044 3601 imperium
1076 3524 1299 3601 fecere,
1331 3544 1520 3603 quam
1557 3526 1626 3585 in
1661 3527 1861 3603 nobis,
1900 3536 2013 3604 qui
2049 3544 2122 3586 ea
2164 3526 2321 3586 bene
2365 3529 2548 3602 parta

540 3627 650 3687 vix
678 3628 1037 3689 retinemus.

601 3742 637 3774 ‘⁴
653 3736 872 3796 Placet
893 3735 1087 3810 igitur
1109 3743 1214 3794 eos
1229 3735 1469 3793 dimitti
1488 3739 1553 3794 et
1574 3744 1788 3810 augeri
1811 3737 2154 3797 exercitum
2182 3735 2495 3799 Catilinae
2510 3736 2543 3795 ⁴?

541 3836 841 3895 Minume.
929 3835 1052 3895 Sed
1088 3835 1181 3895 ita
1215 3845 1469 3896 censeo:
1518 3838 1929 3915 publicandas
1971 3849 2187 3901 eorum
2227 3840 2544 3920 pecunia&
