<?xml version="1.0" encoding="UTF-8"?>
<!DOCTYPE html PUBLIC "-//W3C//DTD XHTML 1.0 Transitional//EN"
    "http://www.w3.org/TR/xhtml1/DTD/xhtml1-transitional.dtd">
<html xmlns="http://www.w3.org/1999/xhtml" xml:lang="en" lang="en">
 <head>
  <title>
</title>
<meta http-equiv="Content-Type" content="text/html;charset=utf-8" />
  <meta name='ocr-system' content='tesseract 3.04.00' />
  <meta name='ocr-capabilities' content='ocr_page ocr_carea ocr_par ocr_line ocrx_word'/>
</head>
<body>
  <div class='ocr_page' id='page_1' title='image "./gaisallusticris00cicegoog_0058.png"; bbox 0 0 2967 4300; ppageno 0'>
   <div class='ocr_carea' id='block_1_1' title="bbox 445 359 531 424">
    <p class='ocr_par' dir='ltr' id='par_1_1' title="bbox 445 359 531 424">
     <span class='ocr_line' id='line_1_1' title="bbox 445 359 531 424; baseline 0 0"><span class='ocrx_word' id='word_1_1' title='bbox 445 359 531 424; x_wconf 82' lang='lat'>32</span> 
     </span>
    </p>
   </div>
   <div class='ocr_carea' id='block_1_2' title="bbox 448 1506 505 1552">
    <p class='ocr_par' dir='ltr' id='par_1_2' title="bbox 448 1506 505 1552">
     <span class='ocr_line' id='line_1_2' title="bbox 448 1506 505 1552; baseline 0 0"><span class='ocrx_word' id='word_1_2' title='bbox 448 1506 505 1552; x_wconf 91' lang='grc'>10</span> 
     </span>
    </p>
   </div>
   <div class='ocr_carea' id='block_1_3' title="bbox 445 2035 503 2081">
    <p class='ocr_par' dir='ltr' id='par_1_3' title="bbox 445 2035 503 2081">
     <span class='ocr_line' id='line_1_3' title="bbox 445 2035 503 2081; baseline -0.017 0"><span class='ocrx_word' id='word_1_3' title='bbox 445 2035 503 2081; x_wconf 89' lang='grc'>15</span> 
     </span>
    </p>
   </div>
   <div class='ocr_carea' id='block_1_4' title="bbox 1129 366 2558 436">
    <p class='ocr_par' dir='ltr' id='par_1_4' title="bbox 1129 366 2558 436">
     <span class='ocr_line' id='line_1_4' title="bbox 1129 366 2558 436; baseline 0.001 -17"><span class='ocrx_word' id='word_1_4' title='bbox 1129 366 1190 419; x_wconf 84' lang='lat'>0.</span> <span class='ocrx_word' id='word_1_5' title='bbox 1234 366 1586 419; x_wconf 88' lang='lat' dir='ltr'>SALLUSTI</span> <span class='ocrx_word' id='word_1_6' title='bbox 1631 366 1872 419; x_wconf 87' lang='lat' dir='ltr'>CRISPI</span> <span class='ocrx_word' id='word_1_7' title='bbox 2365 369 2558 436; x_wconf 84' lang='lat'><strong>[41-43</strong></span> 
     </span>
    </p>
   </div>
   <div class='ocr_carea' id='block_1_5' title="bbox 547 539 2558 932">
    <p class='ocr_par' dir='ltr' id='par_1_5' title="bbox 547 539 2558 932">
     <span class='ocr_line' id='line_1_5' title="bbox 548 539 2558 618; baseline 0 -17"><span class='ocrx_word' id='word_1_8' title='bbox 548 543 617 614; x_wconf 81' lang='lat' dir='ltr'>Q.</span> <span class='ocrx_word' id='word_1_9' title='bbox 649 540 844 602; x_wconf 82' lang='lat' dir='ltr'>Fabie</span> <span class='ocrx_word' id='word_1_10' title='bbox 878 540 1138 616; x_wconf 81' lang='lat' dir='ltr'>Sangae,</span> <span class='ocrx_word' id='word_1_11' title='bbox 1167 539 1345 600; x_wconf 78' lang='lat' dir='ltr'>cuius</span> <span class='ocrx_word' id='word_1_12' title='bbox 1378 539 1727 617; x_wconf 82' lang='lat' dir='ltr'>patrocinio</span> <span class='ocrx_word' id='word_1_13' title='bbox 1764 539 1991 603; x_wconf 78' lang='lat' dir='ltr'>civitas</span> <span class='ocrx_word' id='word_1_14' title='bbox 2030 539 2390 618; x_wconf 79' lang='lat' dir='ltr'>plurumum</span> <span class='ocrx_word' id='word_1_15' title='bbox 2429 547 2558 602; x_wconf 81' lang='lat' dir='ltr'>ute-</span> 
     </span>
     <span class='ocr_line' id='line_1_6' title="bbox 547 634 2554 729; baseline 0 -21"><span class='ocrx_word' id='word_1_16' title='bbox 547 648 751 722; x_wconf 74' lang='lat' dir='ltr'>batur,</span> <span class='ocrx_word' id='word_1_17' title='bbox 794 664 927 706; x_wconf 90' lang='lat' dir='ltr'>rem</span> <span class='ocrx_word' id='word_1_18' title='bbox 974 662 1236 721; x_wconf 86' lang='lat' dir='ltr'>omnem,</span> <span class='ocrx_word' id='word_1_19' title='bbox 1283 650 1378 705; x_wconf 91' lang='lat' dir='ltr'>uti</span> <span class='ocrx_word' id='word_1_20' title='bbox 1424 650 1863 722; x_wconf 80' lang='lat' dir='ltr'>cegneverant,</span> <span class='ocrx_word' id='word_1_21' title='bbox 1909 645 2217 729; x_wconf 78' lang='lat' dir='ltr'>aperiunt.</span> <span class='ocrx_word' id='word_1_22' title='bbox 2319 634 2554 725; x_wconf 79' lang='lat' dir='ltr'>Cicere,</span> 
     </span>
     <span class='ocr_line' id='line_1_7' title="bbox 548 749 2556 832; baseline 0 -19"><span class='ocrx_word' id='word_1_23' title='bbox 548 771 660 832; x_wconf 89' lang='lat' dir='ltr'>per</span> <span class='ocrx_word' id='word_1_24' title='bbox 683 753 953 828; x_wconf 84' lang='lat' dir='ltr'>Sangam</span> <span class='ocrx_word' id='word_1_25' title='bbox 977 749 1239 811; x_wconf 81' lang='lat' dir='ltr'>consilio</span> <span class='ocrx_word' id='word_1_26' title='bbox 1266 749 1536 826; x_wconf 80' lang='lat' dir='ltr'>cegnite,</span> <span class='ocrx_word' id='word_1_27' title='bbox 1560 749 1785 826; x_wconf 76' lang='lat' dir='ltr'>legatis</span> <span class='ocrx_word' id='word_1_28' title='bbox 1814 749 2151 829; x_wconf 89' lang='lat' dir='ltr'>praecepit,</span> <span class='ocrx_word' id='word_1_29' title='bbox 2173 756 2247 811; x_wconf 88' lang='lat' dir='ltr'>ut</span> <span class='ocrx_word' id='word_1_30' title='bbox 2273 752 2556 813; x_wconf 89' lang='lat' dir='ltr'>studium</span> 
     </span>
     <span class='ocr_line' id='line_1_8' title="bbox 549 838 2556 932; baseline 0 -13"><span class='ocrx_word' id='word_1_31' title='bbox 549 856 997 919; x_wconf 80' lang='lat' dir='ltr'>coniurationis</span> <span class='ocrx_word' id='word_1_32' title='bbox 1040 855 1440 919; x_wconf 84' lang='lat' dir='ltr'>vehementer</span> <span class='ocrx_word' id='word_1_33' title='bbox 1478 838 1797 931; x_wconf 74' lang='lat' dir='ltr'>simulent,</span> <span class='ocrx_word' id='word_1_34' title='bbox 1833 861 2071 918; x_wconf 78' lang='lat' dir='ltr'>ceteres</span> <span class='ocrx_word' id='word_1_35' title='bbox 2114 856 2359 932; x_wconf 90' lang='lat' dir='ltr'>adeant,</span> <span class='ocrx_word' id='word_1_36' title='bbox 2398 857 2556 919; x_wconf 92' lang='lat' dir='ltr'>bene</span> 
     </span>
    </p>
   </div>
   <div class='ocr_carea' id='block_1_6' title="bbox 548 961 2584 1391">
    <p class='ocr_par' dir='ltr' id='par_1_6' title="bbox 548 961 2558 1155">
     <span class='ocr_line' id='line_1_9' title="bbox 549 961 2558 1047; baseline 0 -24"><span class='ocrx_word' id='word_1_37' title='bbox 549 963 979 1042; x_wconf 76' lang='lat' dir='ltr'>polliceantur,</span> <span class='ocrx_word' id='word_1_38' title='bbox 1003 961 1309 1047; x_wconf 49' lang='lat' dir='ltr'>dentque*</span> <span class='ocrx_word' id='word_1_39' title='bbox 1376 978 1544 1021; x_wconf 87' lang='lat' dir='ltr'>eram</span> <span class='ocrx_word' id='word_1_40' title='bbox 1567 965 1665 1021; x_wconf 85' lang='lat' dir='ltr'>uti</span> <span class='ocrx_word' id='word_1_41' title='bbox 1684 970 1790 1021; x_wconf 82' lang='lat' dir='ltr'>ees</span> <span class='ocrx_word' id='word_1_42' title='bbox 1813 979 2000 1038; x_wconf 89' lang='lat' dir='ltr'>quam</span> <span class='ocrx_word' id='word_1_43' title='bbox 2028 969 2319 1023; x_wconf 78' lang='lat' dir='ltr'>maxume</span> <span class='ocrx_word' id='word_1_44' title='bbox 2344 982 2558 1023; x_wconf 89' lang='lat' dir='ltr'>manu-</span> 
     </span>
     <span class='ocr_line' id='line_1_10' title="bbox 548 1067 2180 1155; baseline -0.002 -26"><span class='ocrx_word' id='word_1_45' title='bbox 548 1070 749 1130; x_wconf 81' lang='lat' dir='ltr'>festes</span> <span class='ocrx_word' id='word_1_46' title='bbox 775 1067 1020 1127; x_wconf 89' lang='lat' dir='ltr'>habean</span> <span class='ocrx_word' id='word_1_47' title='bbox 1053 1111 1066 1125; x_wconf 89' lang='lat'><strong>.</strong></span> <span class='ocrx_word' id='word_1_48' title='bbox 2173 1144 2180 1155; x_wconf 33' lang='grc' dir='ltr'>Ι</span> 
     </span>
    </p>

    <p class='ocr_par' dir='ltr' id='par_1_7' title="bbox 549 971 2584 1391">
     <span class='ocr_line' id='line_1_11' title="bbox 627 971 2555 1353; baseline 0.001 -121"><span class='ocrx_word' id='word_1_49' title='bbox 627 1171 728 1234; x_wconf 78' lang='lat'>42.</span> <span class='ocrx_word' id='word_1_50' title='bbox 785 971 1628 1353; x_wconf 50' lang='lat' dir='ltr'>Ifflrzporibus</span> <span class='ocrx_word' id='word_1_51' title='bbox 1673 1170 1742 1230; x_wconf 87' lang='lat' dir='ltr'>in</span> <span class='ocrx_word' id='word_1_52' title='bbox 1783 1170 1996 1232; x_wconf 81' lang='lat' dir='ltr'>Gallia</span> <span class='ocrx_word' id='word_1_53' title='bbox 2036 1172 2325 1233; x_wconf 82' lang='lat' dir='ltr'>citeriore</span> <span class='ocrx_word' id='word_1_54' title='bbox 2365 1179 2555 1251; x_wconf 91' lang='lat' dir='ltr'>atque</span> 
     </span>
     <span class='ocr_line' id='line_1_12' title="bbox 549 1264 2584 1391; baseline 0 -53"><span class='ocrx_word' id='word_1_55' title='bbox 549 1277 809 1338; x_wconf 81' lang='lat' dir='ltr'>ulterier</span> <span class='ocrx_word' id='word_1_56' title='bbox 913 1283 1040 1337; x_wconf 90' lang='lat' dir='ltr'>tem</span> <span class='ocrx_word' id='word_1_57' title='bbox 1063 1276 1132 1335; x_wconf 89' lang='lat' dir='ltr'>in</span> <span class='ocrx_word' id='word_1_58' title='bbox 1153 1285 1303 1352; x_wconf 79' lang='lat' dir='ltr'>agre</span> <span class='ocrx_word' id='word_1_59' title='bbox 1329 1277 1581 1352; x_wconf 81' lang='lat' dir='ltr'>Picene,</span> <span class='ocrx_word' id='word_1_60' title='bbox 1605 1276 1877 1353; x_wconf 73' lang='lat' dir='ltr'>Bruttio,</span> <span class='ocrx_word' id='word_1_61' title='bbox 1900 1264 2138 1356; x_wconf 58' lang='lat' dir='ltr'>Kpulia</span> <span class='ocrx_word' id='word_1_62' title='bbox 2164 1283 2371 1339; x_wconf 81' lang='lat' dir='ltr'>metus</span> <span class='ocrx_word' id='word_1_63' title='bbox 2400 1285 2584 1391; x_wconf 39' lang='lat' dir='ltr'>ciffi,</span> 
     </span>
    </p>
   </div>
   <div class='ocr_carea' id='block_1_7' title="bbox 546 1380 2554 1461">
    <p class='ocr_par' dir='ltr' id='par_1_8' title="bbox 546 1380 2554 1461">
     <span class='ocr_line' id='line_1_13' title="bbox 546 1380 2554 1461; baseline 0.001 -19"><span class='ocrx_word' id='word_1_64' title='bbox 546 1384 839 1461; x_wconf 86' lang='lat' dir='ltr'>Namque</span> <span class='ocrx_word' id='word_1_65' title='bbox 878 1381 994 1458; x_wconf 92' lang='lat' dir='ltr'>illi,</span> <span class='ocrx_word' id='word_1_66' title='bbox 1025 1390 1180 1459; x_wconf 82' lang='lat' dir='ltr'>ques</span> <span class='ocrx_word' id='word_1_67' title='bbox 1218 1386 1365 1442; x_wconf 90' lang='lat' dir='ltr'>ante</span> <span class='ocrx_word' id='word_1_68' title='bbox 1399 1380 1676 1443; x_wconf 78' lang='lat' dir='ltr'>Catilina</span> <span class='ocrx_word' id='word_1_69' title='bbox 1712 1381 2056 1458; x_wconf 70' lang='lat' dir='ltr'>dimiserat,</span> <span class='ocrx_word' id='word_1_70' title='bbox 2090 1383 2442 1444; x_wconf 80' lang='lat' dir='ltr'>incensulte</span> <span class='ocrx_word' id='word_1_71' title='bbox 2483 1402 2554 1445; x_wconf 88' lang='lat' dir='ltr'>ac</span> 
     </span>
    </p>
   </div>
   <div class='ocr_carea' id='block_1_8' title="bbox 547 1496 2557 3054">
    <p class='ocr_par' dir='ltr' id='par_1_9' title="bbox 548 1496 2557 2221">
     <span class='ocr_line' id='line_1_14' title="bbox 551 1496 2554 1576; baseline 0.002 -21"><span class='ocrx_word' id='word_1_72' title='bbox 551 1496 751 1557; x_wconf 89' lang='lat' dir='ltr'>veluti</span> <span class='ocrx_word' id='word_1_73' title='bbox 792 1516 903 1576; x_wconf 88' lang='lat' dir='ltr'>per</span> <span class='ocrx_word' id='word_1_74' title='bbox 944 1498 1323 1560; x_wconf 89' lang='lat' dir='ltr'>dementiam</span> <span class='ocrx_word' id='word_1_75' title='bbox 1369 1505 1598 1560; x_wconf 72' lang='lat' dir='ltr'>cuncta</span> <span class='ocrx_word' id='word_1_76' title='bbox 1639 1498 1830 1560; x_wconf 92' lang='lat' dir='ltr'>simul</span> <span class='ocrx_word' id='word_1_77' title='bbox 1874 1498 2173 1575; x_wconf 81' lang='lat' dir='ltr'>agebant3</span> <span class='ocrx_word' id='word_1_78' title='bbox 2275 1504 2554 1560; x_wconf 87' lang='lat' dir='ltr'>octurnis</span> 
     </span>
     <span class='ocr_line' id='line_1_15' title="bbox 548 1587 2557 1683; baseline 0.001 -21"><span class='ocrx_word' id='word_1_79' title='bbox 548 1602 849 1679; x_wconf 84' lang='lat' dir='ltr'>censiliis,</span> <span class='ocrx_word' id='word_1_80' title='bbox 905 1613 1211 1665; x_wconf 78' lang='lat' dir='ltr'>armerum</span> <span class='ocrx_word' id='word_1_81' title='bbox 1278 1587 1468 1683; x_wconf 83' lang='lat' dir='ltr'>atque</span> <span class='ocrx_word' id='word_1_82' title='bbox 1531 1604 1801 1666; x_wconf 85' lang='lat' dir='ltr'>telorum</span> <span class='ocrx_word' id='word_1_83' title='bbox 1861 1603 2340 1683; x_wconf 79' lang='lat' dir='ltr'>portatienibus,</span> <span class='ocrx_word' id='word_1_84' title='bbox 2381 1605 2557 1666; x_wconf 85' lang='lat' dir='ltr'>festi-</span> 
     </span>
     <span class='ocr_line' id='line_1_16' title="bbox 549 1708 2556 1789; baseline 0.001 -21"><span class='ocrx_word' id='word_1_85' title='bbox 549 1708 774 1785; x_wconf 80' lang='lat' dir='ltr'>nande,</span> <span class='ocrx_word' id='word_1_86' title='bbox 809 1708 1106 1785; x_wconf 80' lang='lat' dir='ltr'>agitande</span> <span class='ocrx_word' id='word_1_87' title='bbox 1143 1709 1370 1786; x_wconf 88' lang='lat' dir='ltr'>omnia,</span> <span class='ocrx_word' id='word_1_88' title='bbox 1404 1710 1550 1789; x_wconf 77' lang='lat' dir='ltr'>pliis</span> <span class='ocrx_word' id='word_1_89' title='bbox 1588 1709 1836 1771; x_wconf 83' lang='lat' dir='ltr'>timeris</span> <span class='ocrx_word' id='word_1_90' title='bbox 1878 1728 2067 1787; x_wconf 89' lang='lat' dir='ltr'>quam</span> <span class='ocrx_word' id='word_1_91' title='bbox 2108 1709 2372 1787; x_wconf 89' lang='lat' dir='ltr'>periculi</span> <span class='ocrx_word' id='word_1_92' title='bbox 2413 1708 2556 1770; x_wconf 83' lang='lat' dir='ltr'>effe-</span> 
     </span>
     <span class='ocr_line' id='line_1_17' title="bbox 548 1814 2555 1893; baseline 0.001 -21"><span class='ocrx_word' id='word_1_93' title='bbox 548 1819 778 1874; x_wconf 89' lang='lat' dir='ltr'>cerant.</span> <span class='ocrx_word' id='word_1_94' title='bbox 888 1815 989 1874; x_wconf 88' lang='lat' dir='ltr'>Ex</span> <span class='ocrx_word' id='word_1_95' title='bbox 1043 1824 1116 1875; x_wconf 81' lang='lat' dir='ltr'>ee</span> <span class='ocrx_word' id='word_1_96' title='bbox 1170 1824 1429 1877; x_wconf 81' lang='lat' dir='ltr'>numere</span> <span class='ocrx_word' id='word_1_97' title='bbox 1481 1814 1821 1893; x_wconf 75' lang='lat' dir='ltr'>compluris</span> <span class='ocrx_word' id='word_1_98' title='bbox 1882 1814 1953 1886; x_wconf 82' lang='lat' dir='ltr'>Q.</span> <span class='ocrx_word' id='word_1_99' title='bbox 2012 1814 2312 1875; x_wconf 84' lang='lat' dir='ltr'>Metellus</span> <span class='ocrx_word' id='word_1_100' title='bbox 2373 1814 2555 1877; x_wconf 88' lang='lat' dir='ltr'>Celer</span> 
     </span>
     <span class='ocr_line' id='line_1_18' title="bbox 548 1920 2555 1997; baseline 0.001 -19"><span class='ocrx_word' id='word_1_101' title='bbox 548 1923 797 1997; x_wconf 89' lang='lat' dir='ltr'>praetor</span> <span class='ocrx_word' id='word_1_102' title='bbox 845 1938 928 1979; x_wconf 85' lang='lat' dir='ltr'>ex</span> <span class='ocrx_word' id='word_1_103' title='bbox 976 1925 1232 1981; x_wconf 77' lang='lat' dir='ltr'>senatus</span> <span class='ocrx_word' id='word_1_104' title='bbox 1279 1921 1587 1997; x_wconf 81' lang='lat' dir='ltr'>censulte,</span> <span class='ocrx_word' id='word_1_105' title='bbox 1636 1929 1825 1981; x_wconf 79' lang='lat' dir='ltr'>causa</span> <span class='ocrx_word' id='word_1_106' title='bbox 1870 1920 2140 1996; x_wconf 77' lang='lat' dir='ltr'>cegnita,</span> <span class='ocrx_word' id='word_1_107' title='bbox 2188 1920 2255 1980; x_wconf 94' lang='lat' dir='ltr'>in</span> <span class='ocrx_word' id='word_1_108' title='bbox 2301 1920 2555 1981; x_wconf 86' lang='lat' dir='ltr'>vincula</span> 
     </span>
     <span class='ocr_line' id='line_1_19' title="bbox 548 2013 2556 2103; baseline 0 -20"><span class='ocrx_word' id='word_1_109' title='bbox 548 2023 913 2100; x_wconf 82' lang='lat' dir='ltr'>coniecerat,</span> <span class='ocrx_word' id='word_1_110' title='bbox 960 2024 1114 2086; x_wconf 89' lang='lat' dir='ltr'>item</span> <span class='ocrx_word' id='word_1_111' title='bbox 1161 2025 1230 2085; x_wconf 90' lang='lat' dir='ltr'>in</span> <span class='ocrx_word' id='word_1_112' title='bbox 1276 2026 1401 2086; x_wconf 90' lang='lat' dir='ltr'>cite</span> <span class='ocrx_word' id='word_1_113' title='bbox 1421 2013 1449 2038; x_wconf 51' lang='lat'>&#39;⁹</span> <span class='ocrx_word' id='word_1_114' title='bbox 1469 2036 1493 2045; x_wconf 84' lang='grc'>·</span> <span class='ocrx_word' id='word_1_115' title='bbox 1531 2045 1566 2087; x_wconf 94' lang='lat' dir='ltr'>e</span> <span class='ocrx_word' id='word_1_116' title='bbox 1613 2025 1827 2088; x_wconf 78' lang='lat' dir='ltr'>Gallia</span> <span class='ocrx_word' id='word_1_117' title='bbox 1878 2026 1946 2087; x_wconf 84' lang='lat' dir='ltr'>C.</span> <span class='ocrx_word' id='word_1_118' title='bbox 1996 2027 2279 2101; x_wconf 88' lang='lat' dir='ltr'>Murena,</span> <span class='ocrx_word' id='word_1_119' title='bbox 2330 2034 2441 2103; x_wconf 90' lang='lat' dir='ltr'>qui</span> <span class='ocrx_word' id='word_1_120' title='bbox 2494 2034 2556 2086; x_wconf 91' lang='lat' dir='ltr'>ei</span> 
     </span>
     <span class='ocr_line' id='line_1_20' title="bbox 549 2130 1535 2221; baseline 0.002 -31"><span class='ocrx_word' id='word_1_121' title='bbox 549 2130 907 2209; x_wconf 81' lang='lat' dir='ltr'>previnciae</span> <span class='ocrx_word' id='word_1_122' title='bbox 947 2130 1192 2208; x_wconf 74' lang='lat' dir='ltr'>legatus</span> <span class='ocrx_word' id='word_1_123' title='bbox 1234 2137 1535 2221; x_wconf 64' lang='lat' dir='ltr'>pQrat.</span> 
     </span>
    </p>

    <p class='ocr_par' dir='ltr' id='par_1_10' title="bbox 547 2234 2555 3054">
     <span class='ocr_line' id='line_1_21' title="bbox 627 2234 2553 2317; baseline 0.001 -21"><span class='ocrx_word' id='word_1_124' title='bbox 627 2234 726 2296; x_wconf 80' lang='lat'>43.</span> <span class='ocrx_word' id='word_1_125' title='bbox 784 2235 874 2295; x_wconf 90' lang='lat' dir='ltr'>At</span> <span class='ocrx_word' id='word_1_126' title='bbox 928 2237 1163 2297; x_wconf 81' lang='lat' dir='ltr'>Romae</span> <span class='ocrx_word' id='word_1_127' title='bbox 1217 2239 1381 2297; x_wconf 86' lang='lat' dir='ltr'>Lent</span> <span class='ocrx_word' id='word_1_128' title='bbox 1451 2257 1526 2298; x_wconf 87' lang='lat' dir='ltr'>us</span> <span class='ocrx_word' id='word_1_129' title='bbox 1579 2256 1720 2298; x_wconf 89' lang='lat' dir='ltr'>cum</span> <span class='ocrx_word' id='word_1_130' title='bbox 1775 2242 2021 2314; x_wconf 88' lang='lat' dir='ltr'>ceteris,</span> <span class='ocrx_word' id='word_1_131' title='bbox 2072 2245 2184 2314; x_wconf 86' lang='lat' dir='ltr'>qui</span> <span class='ocrx_word' id='word_1_132' title='bbox 2237 2237 2553 2317; x_wconf 88' lang='lat' dir='ltr'>principes</span> 
     </span>
     <span class='ocr_line' id='line_1_22' title="bbox 548 2333 2552 2422; baseline 0.002 -22"><span class='ocrx_word' id='word_1_133' title='bbox 548 2333 997 2402; x_wconf 78' lang='lat' dir='ltr'>coniuratienis</span> <span class='ocrx_word' id='word_1_134' title='bbox 1039 2347 1236 2418; x_wconf 91' lang='lat' dir='ltr'>erant,</span> <span class='ocrx_word' id='word_1_135' title='bbox 1278 2347 1520 2421; x_wconf 78' lang='lat' dir='ltr'>paratis</span> <span class='ocrx_word' id='word_1_136' title='bbox 1561 2348 1637 2403; x_wconf 86' lang='lat' dir='ltr'>ut</span> <span class='ocrx_word' id='word_1_137' title='bbox 1677 2342 2005 2403; x_wconf 80' lang='lat' dir='ltr'>videbatur</span> <span class='ocrx_word' id='word_1_138' title='bbox 2046 2352 2290 2420; x_wconf 77' lang='lat' dir='ltr'>magnis</span> <span class='ocrx_word' id='word_1_139' title='bbox 2334 2343 2552 2422; x_wconf 77' lang='lat' dir='ltr'>cepiIS,</span> 
     </span>
     <span class='ocr_line' id='line_1_23' title="bbox 547 2446 2553 2525; baseline 0.001 -20"><span class='ocrx_word' id='word_1_140' title='bbox 547 2446 1023 2523; x_wconf 81' lang='lat' dir='ltr'>constituerant,</span> <span class='ocrx_word' id='word_1_141' title='bbox 1057 2453 1171 2524; x_wconf 90' lang='lat' dir='ltr'>uti,</span> <span class='ocrx_word' id='word_1_142' title='bbox 1209 2466 1350 2507; x_wconf 91' lang='lat' dir='ltr'>cum</span> <span class='ocrx_word' id='word_1_143' title='bbox 1393 2447 1673 2510; x_wconf 89' lang='lat' dir='ltr'>Catilina</span> <span class='ocrx_word' id='word_1_144' title='bbox 1712 2467 1791 2508; x_wconf 85' lang='lat' dir='ltr'>ex</span> <span class='ocrx_word' id='word_1_145' title='bbox 1831 2457 1982 2525; x_wconf 79' lang='lat' dir='ltr'>agre</span> <span class='ocrx_word' id='word_1_146' title='bbox 2021 2448 2371 2510; x_wconf 78' lang='lat' dir='ltr'>Faesulane</span> <span class='ocrx_word' id='word_1_147' title='bbox 2412 2467 2553 2508; x_wconf 90' lang='lat' dir='ltr'>cum</span> 
     </span>
     <span class='ocr_line' id='line_1_24' title="bbox 549 2551 2554 2632; baseline 0.001 -21"><span class='ocrx_word' id='word_1_148' title='bbox 549 2551 827 2611; x_wconf 75' lang='lat' dir='ltr'>exercitii</span> <span class='ocrx_word' id='word_1_149' title='bbox 882 2552 1175 2627; x_wconf 88' lang='lat' dir='ltr'>venisset,</span> <span class='ocrx_word' id='word_1_150' title='bbox 1231 2553 1302 2613; x_wconf 88' lang='lat' dir='ltr'>L.</span> <span class='ocrx_word' id='word_1_151' title='bbox 1362 2552 1600 2629; x_wconf 89' lang='lat' dir='ltr'>Bestia,</span> <span class='ocrx_word' id='word_1_152' title='bbox 1637 2553 1926 2614; x_wconf 76' lang='lat' dir='ltr'>tribunus</span> <span class='ocrx_word' id='word_1_153' title='bbox 1987 2553 2209 2632; x_wconf 91' lang='lat' dir='ltr'>plebis,</span> <span class='ocrx_word' id='word_1_154' title='bbox 2265 2553 2554 2614; x_wconf 84' lang='lat' dir='ltr'>contiene</span> 
     </span>
     <span class='ocr_line' id='line_1_25' title="bbox 548 2656 2555 2736; baseline 0 -20"><span class='ocrx_word' id='word_1_155' title='bbox 548 2656 783 2732; x_wconf 77' lang='lat' dir='ltr'>habita,</span> <span class='ocrx_word' id='word_1_156' title='bbox 822 2662 1187 2735; x_wconf 74' lang='lat' dir='ltr'>quereretur</span> <span class='ocrx_word' id='word_1_157' title='bbox 1227 2657 1309 2718; x_wconf 92' lang='lat' dir='ltr'>de</span> <span class='ocrx_word' id='word_1_158' title='bbox 1349 2658 1700 2720; x_wconf 75' lang='lat' dir='ltr'>actienibus</span> <span class='ocrx_word' id='word_1_159' title='bbox 1742 2658 2061 2719; x_wconf 82' lang='lat' dir='ltr'>Cicerenis</span> <span class='ocrx_word' id='word_1_160' title='bbox 2106 2658 2379 2736; x_wconf 78' lang='lat' dir='ltr'>bellique</span> <span class='ocrx_word' id='word_1_161' title='bbox 2423 2676 2555 2735; x_wconf 88' lang='lat' dir='ltr'>gra-</span> 
     </span>
     <span class='ocr_line' id='line_1_26' title="bbox 548 2762 2553 2846; baseline -0 -22"><span class='ocrx_word' id='word_1_162' title='bbox 548 2762 816 2824; x_wconf 84' lang='lat' dir='ltr'>vissumi</span> <span class='ocrx_word' id='word_1_163' title='bbox 859 2762 1167 2824; x_wconf 85' lang='lat' dir='ltr'>invidiam</span> <span class='ocrx_word' id='word_1_164' title='bbox 1215 2769 1472 2843; x_wconf 83' lang='lat' dir='ltr'>optumo</span> <span class='ocrx_word' id='word_1_165' title='bbox 1520 2763 1764 2825; x_wconf 79' lang='lat' dir='ltr'>censuli</span> <span class='ocrx_word' id='word_1_166' title='bbox 1810 2764 2193 2846; x_wconf 80' lang='lat' dir='ltr'>impeneret3</span> <span class='ocrx_word' id='word_1_167' title='bbox 2252 2773 2326 2824; x_wconf 81' lang='lat' dir='ltr'>ee</span> <span class='ocrx_word' id='word_1_168' title='bbox 2372 2772 2553 2840; x_wconf 83' lang='lat' dir='ltr'>signe</span> 
     </span>
     <span class='ocr_line' id='line_1_27' title="bbox 547 2868 2555 2948; baseline -0.001 -19"><span class='ocrx_word' id='word_1_169' title='bbox 547 2879 851 2948; x_wconf 78' lang='lat' dir='ltr'>proxuma</span> <span class='ocrx_word' id='word_1_170' title='bbox 877 2875 1059 2930; x_wconf 88' lang='lat' dir='ltr'>nocte</span> <span class='ocrx_word' id='word_1_171' title='bbox 1086 2875 1294 2930; x_wconf 87' lang='lat' dir='ltr'>cetera</span> <span class='ocrx_word' id='word_1_172' title='bbox 1319 2869 1664 2930; x_wconf 70' lang='lat' dir='ltr'>multitude</span> <span class='ocrx_word' id='word_1_173' title='bbox 1691 2869 2141 2931; x_wconf 72' lang='lat' dir='ltr'>coniuratienis</span> <span class='ocrx_word' id='word_1_174' title='bbox 2175 2888 2355 2929; x_wconf 90' lang='lat' dir='ltr'>suum</span> <span class='ocrx_word' id='word_1_175' title='bbox 2377 2868 2555 2945; x_wconf 83' lang='lat' dir='ltr'>quis·</span> 
     </span>
     <span class='ocr_line' id='line_1_28' title="bbox 547 2973 2554 3054; baseline -0.001 -18"><span class='ocrx_word' id='word_1_176' title='bbox 547 2993 669 3053; x_wconf 90' lang='lat' dir='ltr'>que</span> <span class='ocrx_word' id='word_1_177' title='bbox 717 2975 1037 3053; x_wconf 79' lang='lat' dir='ltr'>negetium</span> <span class='ocrx_word' id='word_1_178' title='bbox 1086 2981 1544 3054; x_wconf 77' lang='lat' dir='ltr'>exsequeretur.</span> <span class='ocrx_word' id='word_1_179' title='bbox 1646 2975 1769 3035; x_wconf 85' lang='lat' dir='ltr'>Sed</span> <span class='ocrx_word' id='word_1_180' title='bbox 1816 2993 1890 3035; x_wconf 91' lang='lat' dir='ltr'>ea</span> <span class='ocrx_word' id='word_1_181' title='bbox 1936 2974 2144 3035; x_wconf 86' lang='lat' dir='ltr'>divisa</span> <span class='ocrx_word' id='word_1_182' title='bbox 2195 2974 2314 3034; x_wconf 79' lang='lat' dir='ltr'>hec</span> <span class='ocrx_word' id='word_1_183' title='bbox 2368 2973 2554 3034; x_wconf 81' lang='lat' dir='ltr'>mode</span> 
     </span>
    </p>
   </div>
   <div class='ocr_carea' id='block_1_9' title="bbox 443 3080 2554 3155">
    <p class='ocr_par' dir='ltr' id='par_1_11' title="bbox 443 3080 2554 3155">
     <span class='ocr_line' id='line_1_29' title="bbox 443 3080 2554 3155; baseline -0 -16"><span class='ocrx_word' id='word_1_184' title='bbox 443 3087 470 3130; x_wconf 84' lang='lat'><strong>2</strong></span> <span class='ocrx_word' id='word_1_185' title='bbox 548 3080 946 3142; x_wconf 75' lang='lat' dir='ltr'>dicebantur:</span> <span class='ocrx_word' id='word_1_186' title='bbox 1001 3081 1291 3142; x_wconf 87' lang='lat' dir='ltr'>Statilius</span> <span class='ocrx_word' id='word_1_187' title='bbox 1330 3088 1394 3141; x_wconf 91' lang='lat' dir='ltr'>et</span> <span class='ocrx_word' id='word_1_188' title='bbox 1432 3081 1739 3142; x_wconf 82' lang='lat' dir='ltr'>Gabinius</span> <span class='ocrx_word' id='word_1_189' title='bbox 1777 3086 1875 3140; x_wconf 90' lang='lat' dir='ltr'>uti</span> <span class='ocrx_word' id='word_1_190' title='bbox 1913 3098 2055 3140; x_wconf 88' lang='lat' dir='ltr'>cum</span> <span class='ocrx_word' id='word_1_191' title='bbox 2097 3088 2324 3155; x_wconf 75' lang='lat' dir='ltr'>magna</span> <span class='ocrx_word' id='word_1_192' title='bbox 2363 3088 2554 3140; x_wconf 77' lang='lat' dir='ltr'>mansi</span> 
     </span>
    </p>
   </div>
   <div class='ocr_carea' id='block_1_10' title="bbox 547 3184 2554 3580">
    <p class='ocr_par' dir='ltr' id='par_1_12' title="bbox 547 3184 2554 3580">
     <span class='ocr_line' id='line_1_30' title="bbox 549 3184 2554 3265; baseline 0 -21"><span class='ocrx_word' id='word_1_193' title='bbox 549 3186 874 3245; x_wconf 88' lang='lat' dir='ltr'>duodecim</span> <span class='ocrx_word' id='word_1_194' title='bbox 931 3187 1121 3247; x_wconf 90' lang='lat' dir='ltr'>simul</span> <span class='ocrx_word' id='word_1_195' title='bbox 1175 3193 1482 3265; x_wconf 76' lang='lat' dir='ltr'>oportuna</span> <span class='ocrx_word' id='word_1_196' title='bbox 1536 3185 1673 3245; x_wconf 89' lang='lat' dir='ltr'>loca</span> <span class='ocrx_word' id='word_1_197' title='bbox 1724 3185 1898 3244; x_wconf 88' lang='lat' dir='ltr'>urbis</span> <span class='ocrx_word' id='word_1_198' title='bbox 1952 3184 2373 3260; x_wconf 80' lang='lat' dir='ltr'>incenderent,</span> <span class='ocrx_word' id='word_1_199' title='bbox 2430 3193 2554 3262; x_wconf 83' lang='lat' dir='ltr'>que</span> 
     </span>
     <span class='ocr_line' id='line_1_31' title="bbox 547 3288 2553 3367; baseline 0 -19"><span class='ocrx_word' id='word_1_200' title='bbox 547 3291 827 3351; x_wconf 78' lang='lat' dir='ltr'>tumultu</span> <span class='ocrx_word' id='word_1_201' title='bbox 873 3292 1122 3351; x_wconf 72' lang='lat' dir='ltr'>facilior</span> <span class='ocrx_word' id='word_1_202' title='bbox 1164 3292 1375 3352; x_wconf 88' lang='lat' dir='ltr'>aditus</span> <span class='ocrx_word' id='word_1_203' title='bbox 1421 3291 1501 3350; x_wconf 90' lang='lat' dir='ltr'>ad</span> <span class='ocrx_word' id='word_1_204' title='bbox 1544 3288 1862 3350; x_wconf 80' lang='lat' dir='ltr'>censulem</span> <span class='ocrx_word' id='word_1_205' title='bbox 1905 3295 2285 3367; x_wconf 80' lang='lat' dir='ltr'>ceteresque,</span> <span class='ocrx_word' id='word_1_206' title='bbox 2325 3289 2553 3365; x_wconf 89' lang='lat' dir='ltr'>quibus</span> 
     </span>
     <span class='ocr_line' id='line_1_32' title="bbox 548 3393 2552 3474; baseline 0 -22"><span class='ocrx_word' id='word_1_207' title='bbox 548 3394 817 3454; x_wconf 84' lang='lat' dir='ltr'>insidiae</span> <span class='ocrx_word' id='word_1_208' title='bbox 864 3398 1262 3474; x_wconf 77' lang='lat' dir='ltr'>parabantur,</span> <span class='ocrx_word' id='word_1_209' title='bbox 1306 3396 1518 3473; x_wconf 81' lang='lat' dir='ltr'>fieret3</span> <span class='ocrx_word' id='word_1_210' title='bbox 1578 3396 1890 3470; x_wconf 85' lang='lat' dir='ltr'>Cethegus</span> <span class='ocrx_word' id='word_1_211' title='bbox 1940 3394 2255 3456; x_wconf 82' lang='lat' dir='ltr'>Cicerenis</span> <span class='ocrx_word' id='word_1_212' title='bbox 2300 3393 2552 3453; x_wconf 75' lang='lat' dir='ltr'>ianuam</span> 
     </span>
     <span class='ocr_line' id='line_1_33' title="bbox 550 3497 2550 3580; baseline -0.001 -21"><span class='ocrx_word' id='word_1_213' title='bbox 550 3500 863 3561; x_wconf 86' lang='lat' dir='ltr'>obsideret</span> <span class='ocrx_word' id='word_1_214' title='bbox 916 3520 1183 3580; x_wconf 89' lang='lat' dir='ltr'>eumque</span> <span class='ocrx_word' id='word_1_215' title='bbox 1229 3513 1297 3562; x_wconf 87' lang='lat' dir='ltr'>vi</span> <span class='ocrx_word' id='word_1_216' title='bbox 1344 3503 1805 3580; x_wconf 84' lang='lat' dir='ltr'>aggrederetur,</span> <span class='ocrx_word' id='word_1_217' title='bbox 1854 3499 2015 3561; x_wconf 60' lang='lat' dir='ltr'>adius</span> <span class='ocrx_word' id='word_1_218' title='bbox 2071 3505 2280 3559; x_wconf 90' lang='lat' dir='ltr'>autem</span> <span class='ocrx_word' id='word_1_219' title='bbox 2337 3497 2550 3574; x_wconf 91' lang='lat' dir='ltr'>alium,</span> 
     </span>
    </p>
   </div>
   <div class='ocr_carea' id='block_1_11' title="bbox 548 3735 2554 3898">
    <p class='ocr_par' dir='ltr' id='par_1_13' title="bbox 548 3735 2554 3898">
     <span class='ocr_line' id='line_1_34' title="bbox 548 3735 2554 3811; baseline -0.001 -16"><span class='ocrx_word' id='word_1_220' title='bbox 548 3756 669 3795; x_wconf 87' lang='lat' dir='ltr'>esse</span> <span class='ocrx_word' id='word_1_221' title='bbox 710 3738 929 3793; x_wconf 80' lang='lat' dir='ltr'>factum</span> <span class='ocrx_word' id='word_1_222' title='bbox 977 3741 1206 3809; x_wconf 72' lang='lat' dir='ltr'>putatis,</span> <span class='ocrx_word' id='word_1_223' title='bbox 1252 3742 1586 3811; x_wconf 87' lang='lat' dir='ltr'>praesertim</span> <span class='ocrx_word' id='word_1_224' title='bbox 1633 3749 1731 3811; x_wconf 89' lang='lat' dir='ltr'>qui</span> <span class='ocrx_word' id='word_1_225' title='bbox 1778 3748 1880 3795; x_wconf 72' lang='lat' dir='ltr'>nes</span> <span class='ocrx_word' id='word_1_226' title='bbox 1927 3745 2044 3792; x_wconf 73' lang='lat' dir='ltr'>nen</span> <span class='ocrx_word' id='word_1_227' title='bbox 2085 3735 2409 3809; x_wconf 78' lang='lat' dir='ltr'>piignande,</span> <span class='ocrx_word' id='word_1_228' title='bbox 2450 3735 2554 3792; x_wconf 71' lang='lat' dir='ltr'>ned</span> 
     </span>
     <span class='ocr_line' id='line_1_35' title="bbox 548 3827 1780 3898; baseline 0 -16"><span class='ocrx_word' id='word_1_229' title='bbox 548 3827 790 3882; x_wconf 74' lang='lat' dir='ltr'>tacende</span> <span class='ocrx_word' id='word_1_230' title='bbox 826 3836 1084 3897; x_wconf 66' lang='lat' dir='ltr'>superare</span> <span class='ocrx_word' id='word_1_231' title='bbox 1123 3828 1452 3898; x_wconf 78' lang='lat' dir='ltr'>potuerint?</span> <span class='ocrx_word' id='word_1_232' title='bbox 1469 3860 1540 3869; x_wconf 93' lang='lat'>—</span> <span class='ocrx_word' id='word_1_233' title='bbox 1559 3828 1666 3882; x_wconf 91' lang='grc' dir='ltr'><strong>ΙΙΙ.</strong></span> <span class='ocrx_word' id='word_1_234' title='bbox 1693 3844 1780 3883; x_wconf 79' lang='lat'>11.</span> 
     </span>
    </p>
   </div>
   <div class='ocr_carea' id='block_1_12' title="bbox 2923 2445 2939 3200">
    <p class='ocr_par' dir='ltr' id='par_1_14' title="bbox 2923 2445 2939 3200">
     <span class='ocr_line' id='line_1_36' title="bbox 2923 2445 2939 3200; baseline 0 0"><span class='ocrx_word' id='word_1_235' title='bbox 2923 2445 2939 3200; x_wconf 95' lang='lat' dir='ltr'> </span> 
     </span>
    </p>
   </div>
  </div>
 </body>
</html>
