2967 4300
428 367 518 432 52]
1098 365 1400 416 BELLUM
1445 365 1864 418 CATILINAE.
2447 354 2531 421 47

426 537 678 613 habent,
713 538 1004 598 liberales
1044 556 1123 597 ex
1160 539 1463 600 sociorum
1503 540 1796 616 fortunis,
1833 539 1962 600 sint
1998 539 2430 600 misericordes

428 643 495 703 in
523 644 768 704 furibus
806 653 1038 720 aerar13
1083 654 1162 704 ne
1200 644 1300 703 illi
1337 645 1704 721 sanguinem
1742 650 2026 705 nostrum
2063 644 2428 722 largiantur,

429 754 509 825 et,
541 749 691 809 dum
725 759 940 827 paucis
975 749 1296 810 sceleratis
1330 755 1611 828 parcunt,
1643 750 1850 810 bonos
1875 759 2076 810 omnis
2117 750 2430 828 perditum

428 860 589 915 eant.

348 942 359 951 ⁸
511 965 548 997 ‘⁴
566 960 739 1020 Bene
767 965 832 1020 et
859 959 1200 1038 composite
1229 959 1294 1020 O.
1327 960 1556 1021 Caesar
1584 960 1771 1038 paulo
1801 965 1946 1020 ante
1976 959 2044 1018 in
2073 958 2191 1020 hoc
2214 960 2431 1021 ordine
2476 974 2507 1020 ὅ

429 1064 508 1124 de
555 1069 691 1124 vita
738 1068 802 1123 et
847 1040 1063 1123 morte*
1093 1063 1409 1139 disseruit,
1458 1063 1644 1123 credo
1692 1062 1857 1124 falsa
1903 1070 2292 1125 existumans
2338 1083 2428 1142 ea,

428 1187 588 1247 quae
644 1169 721 1228 de
776 1167 997 1228 inferis
1053 1174 1493 1244 memorantur,
1551 1168 1799 1229 divorso
1856 1169 2080 1229 itinere
2138 1170 2336 1230 malos
2394 1180 2433 1230 a

430 1274 609 1335 bonis
653 1273 791 1334 loca
835 1278 1055 1350 taetra,
1098 1273 1356 1349 inculta,
1398 1274 1588 1333 foeda
1633 1279 1822 1352 atque
1870 1274 2284 1336 formidulosa
2329 1275 2434 1336 ha-

430 1379 589 1440 bere.
676 1381 902 1457 Itaque
937 1380 1181 1439 censuit
1216 1380 1512 1457 pecunias
1552 1389 1763 1439 eorum
1802 1380 2230 1457 publicandaS,
2260 1381 2431 1457 ipsos

430 1504 542 1564 per
585 1485 931 1563 municipia
977 1485 1045 1543 in
1092 1485 1395 1545 custodiis
1450 1484 1789 1560 habendos,
1832 1484 2128 1545 videlicet
2182 1485 2430 1562 timenS,
2480 1500 2534 1546 10

430 1600 527 1666 ne,
572 1599 628 1651 si
670 1591 906 1651 Romae
954 1590 1098 1665 sint,
1142 1595 1251 1649 aut
1296 1599 1334 1649 a
1373 1589 1779 1667 popularibus
1829 1590 2275 1652 coniurationis
2323 1597 2433 1652 aut

431 1704 469 1755 a
504 1695 910 1755 multitudine
947 1695 1255 1755 conducta
1290 1713 1401 1772 per
1436 1695 1567 1754 vim
1608 1695 1970 1772 eripiantur.
2055 1696 2248 1766 Quasi
2283 1705 2433 1756 vero

431 1801 583 1861 mali
630 1805 817 1878 atque
866 1799 1117 1860 scelesti
1163 1805 1410 1859 tantum
1459 1800 1645 1860 modo
1698 1800 1767 1858 in
1819 1800 1971 1860 urbe
2027 1806 2091 1860 et
2143 1811 2271 1860 non
2321 1818 2434 1879 per

431 1911 627 1966 totam
665 1893 923 1966 Italiam
961 1905 1106 1980 sint,
1142 1910 1252 1966 aut
1287 1914 1414 1965 non
1455 1904 1547 1965 ibi
1587 1905 1731 1982 plus
1772 1905 1973 1982 possit
2014 1906 2289 1981 audacia,
2323 1906 2433 1966 ubi

432 2013 511 2072 ad
566 2011 1037 2072 defendundum
1093 2021 1241 2088 opes
1296 2010 1570 2071 minores
1626 2016 1789 2071 sunt.
1897 2012 2033 2082 Qua
2086 2020 2153 2070 re
2200 2010 2428 2070 vanum
2479 2028 2537 2073 15

432 2118 724 2197 equidem
757 2117 875 2178 hoc
908 2117 1239 2178 consilium
1275 2122 1388 2193 est,
1422 2125 1478 2177 si
1512 2116 1857 2195 periculum
1890 2135 1970 2177 ex
2002 2116 2131 2177 illis
2169 2115 2430 2193 metuit3

433 2233 490 2284 si
517 2225 584 2282 in
612 2229 789 2283 tanto
817 2224 1095 2282 omnium
1124 2230 1296 2282 metu
1324 2222 1497 2283 solus
1524 2232 1652 2283 non
1678 2223 1878 2298 timet,
1909 2232 1982 2282 eo
2009 2222 2208 2298 magis
2236 2221 2434 2282 refert

431 2339 532 2388 me
565 2328 721 2388 mihi
755 2333 941 2406 atque
971 2328 1148 2389 vobis
1182 2327 1420 2388 timere.
1507 2329 1644 2399 Qua
1675 2338 1741 2387 re
1775 2345 1915 2387 cum
1949 2328 2027 2387 de
2061 2328 2130 2386 P.
2163 2326 2434 2387 Lentulo

432 2439 778 2512 ceterisque
835 2434 1146 2509 statuetis,
1195 2442 1308 2512 pro
1361 2439 1531 2494 certo
1585 2433 1896 2509 habetote,
1944 2443 2057 2494 vos
2112 2432 2301 2493 simul
2354 2433 2433 2492 de

433 2540 712 2600 exercitu
757 2540 1065 2601 Catilinae
1113 2545 1177 2601 et
1226 2541 1303 2599 de
1351 2539 1640 2600 omnibus
1689 2539 2030 2599 coniuratis
2085 2539 2430 2599 decernere.
2478 2552 2540 2600 20

433 2645 679 2717 Quanto
714 2656 823 2706 vos
865 2645 1171 2706 attentius
1213 2663 1288 2706 ea
1327 2645 1546 2721 agetis,
1581 2650 1759 2705 tanto
1799 2645 1931 2705 illis
1972 2646 2218 2706 animus
2260 2645 2436 2705 infir-

434 2751 592 2810 mior
634 2750 784 2826 erit3
843 2760 899 2812 si
946 2750 1204 2828 paulum
1250 2750 1433 2810 modo
1475 2759 1586 2811 vos
1636 2751 1929 2826 languere
1969 2750 2265 2826 viderint,
2308 2750 2434 2810 iam

432 2865 646 2916 omnes
686 2858 926 2916 feroces
955 2856 1236 2916 aderunt.

516 2966 552 2997 “
568 2960 786 3020 Nolite
807 2964 1185 3020 existumare
1207 2962 1471 3020 maiores
1495 2964 1741 3021 nostros
1763 2971 1952 3022 armis
1975 2980 2103 3023 rem
2120 2961 2436 3040 publicam

433 3081 512 3122 ex
551 3072 747 3140 parva
787 3073 1079 3139 magnam
1121 3064 1362 3125 fecisse.
1463 3066 1532 3126 Si
1573 3066 1665 3137 ita
1704 3077 1802 3128 res
1845 3074 2026 3143 esset,
2065 3068 2264 3128 multo
2304 3067 2438 3146 pul·
2481 3076 2541 3123 25

434 3169 823 3231 cherrumam
859 3189 991 3231 eam
1028 3181 1144 3232 nos
1179 3172 1584 3248 haberemus3
1629 3179 1862 3250 quippe
1901 3173 2209 3233 sociorum
2247 3179 2436 3251 atque

383 3327 387 3331 .
434 3274 684 3350 civium,
723 3281 1046 3352 praeterea
1089 3286 1401 3337 armorum
1445 3283 1634 3355 atque
1678 3286 1977 3355 equorum
2021 3277 2216 3337 maior
2259 3278 2438 3356 copia

433 3384 613 3445 nobis
651 3404 838 3462 quam
877 3385 1007 3446 illis
1047 3391 1158 3447 est.
1247 3387 1368 3447 Sed
1408 3386 1534 3447 alia
1570 3386 1764 3462 fuere,
1800 3404 1960 3464 quae
1997 3385 2141 3447 illos
2179 3394 2436 3462 magnos

436 3488 658 3565 fecere,
678 3509 837 3568 quae
861 3492 1038 3552 nobis
1060 3490 1238 3551 nulla
1260 3498 1436 3552 sunt:
1478 3493 1647 3552 domi
1667 3491 1997 3566 industria,
2021 3492 2177 3552 foris
2200 3491 2436 3551 iustum

436 3593 787 3671 imperium,
807 3596 1051 3656 animus
1069 3596 1137 3655 in
1154 3597 1542 3658 consulundo
1563 3597 1739 3673 liber,
1759 3615 1961 3674 neque
1985 3596 2216 3658 delicto
2236 3614 2438 3674 neque
2484 3602 2543 3650 30

435 3698 706 3760 lubidini
735 3701 1055 3762 obnoxius,
1139 3702 1265 3762 Pro
1293 3703 1394 3763 his
1424 3712 1537 3763 nos
1566 3703 1866 3763 habemus
1901 3700 2214 3761 luxuriam
2248 3706 2438 3778 atque

436 3805 784 3881 avaritiam,
818 3807 1067 3884 publice
1109 3814 1466 3884 egestatem,
1503 3808 1800 3887 privatim
1843 3806 2260 3884 opulentiam;
2312 3805 2439 3866 lau-
