2967 4300
448 357 638 423 52-53]
1121 357 1422 408 BELLUM
1471 357 1888 409 CATILINAE.
2473 347 2559 410 49

449 532 527 591 de
566 530 864 607 Gabinia,
918 530 1186 606 Statilio,
1239 531 1539 609 Caeparie
1586 530 1806 609 loquar
1823 534 1855 591 ?
1914 531 2140 608 quibus
2190 540 2245 591 si
2293 531 2459 608 quic-

450 655 634 713 quam
659 655 953 713 umquam
983 636 1438 714 pensifuisset,
1461 646 1589 697 non
1616 656 1691 696 ea
1717 636 1981 697 consilia
2008 637 2083 696 de
2112 646 2177 696 re
2207 636 2459 713 publica

448 740 832 813 habuissent.
929 743 1274 817 Postremo,
1325 747 1535 819 patres
1590 747 1944 818 censcripti,
1997 751 2063 801 si·
2106 741 2457 800 mehercule

449 853 704 925 peccate
751 848 923 907 locus
972 853 1155 923 esset,
1199 848 1387 907 facile
1436 853 1684 925 paterer
1732 857 1844 908 ves
1899 848 2040 924 ipsa
2092 857 2159 906 re
2213 847 2455 923 corrigi,

451 953 746 1031 quoniam
801 953 993 1012 verba
1044 953 1477 1029 contemnitis3
1552 954 1662 1013 sed
1716 953 1994 1030 undique
2050 952 2461 1011 circumventi
2503 966 2534 1011 5

452 1078 681 1118 sumus.
769 1058 1044 1119 Catilina
1077 1076 1215 1117 cum
1255 1058 1535 1119 exercitii
1575 1058 1864 1118 faucibus
1908 1063 2103 1133 urget,
2139 1057 2250 1117 alii
2291 1057 2460 1131 intra

451 1164 696 1224 moenia
743 1170 931 1242 atque
980 1164 1047 1222 in
1097 1163 1239 1223 sinii
1287 1164 1460 1224 urbis
1512 1169 1659 1225 sunt
1711 1164 1943 1238 hosteS,
1992 1181 2193 1240 neque
2249 1171 2460 1240 parari

449 1288 651 1347 neque
690 1269 934 1330 censuli
969 1269 1303 1347 quicquam
1344 1274 1556 1347 potest
1596 1269 1869 1329 occulte:
1921 1278 2044 1346 que
2085 1268 2284 1344 magis
2326 1287 2461 1346 pro-

450 1366 794 1453 perandum
835 1380 948 1435 est.

525 1482 562 1514 “
580 1479 715 1549 Qua
754 1488 821 1541 re
862 1499 978 1558 ego
1016 1481 1109 1543 ita
1148 1492 1402 1545 censeat
1447 1501 1590 1543 cum
1632 1482 1875 1543 nefarie
1902 1481 2167 1543 censilie
2205 1477 2459 1539 scelera-
2507 1492 2563 1538 10

451 1588 660 1643 terum
704 1583 937 1642 civium
981 1590 1081 1643 res
1126 1583 1378 1660 publica
1420 1583 1490 1642 in
1534 1593 1827 1643 maxuma
1872 1583 2153 1661 pericula
2192 1584 2458 1660 venerit,

452 1688 622 1767 iique
663 1688 898 1749 indicio
942 1690 1010 1748 T.
1050 1689 1337 1749 Volturci
1379 1694 1443 1748 et
1484 1689 1831 1766 legatorum
1868 1688 2279 1766 Allobrogum
2321 1708 2459 1748 con-

454 1794 608 1855 victi
646 1795 1049 1872 cenfessique
1081 1794 1227 1870 sint,
1257 1795 1527 1870 caedem,
1558 1795 1848 1854 incendia
1885 1795 2130 1871 aliaque
2169 1804 2235 1854 se
2271 1794 2459 1855 foeda

453 1905 641 1977 atque
669 1899 948 1974 crudelia
974 1900 1256 1960 facinora
1288 1899 1355 1958 in
1390 1909 1548 1959 civis
1582 1899 1974 1977 patriamque
2010 1900 2347 1977 paravisse,
2378 1901 2455 1959 de

452 2005 774 2080 cenfessiS,
820 2011 1008 2065 sicuti
1051 2006 1129 2065 de
1176 2005 1553 2065 manufestis
1603 2015 1807 2064 rerum
1855 2004 2240 2083 capitalium,
2285 2014 2455 2065 mere
2502 2015 2560 2062 15

452 2110 757 2171 maiorum
786 2110 1167 2189 supplicium
1197 2110 1635 2170 sfimundum.''

533 2214 630 2276 53.
688 2217 1032 2294 Postquam
1061 2216 1217 2277 Cate
1246 2217 1510 2292 adsedit,
1541 2215 1900 2277 consulares
1929 2226 2141 2304 omnes
2178 2216 2454 2294 itemque

454 2327 705 2382 senatus
755 2332 981 2398 magna
1023 2341 1167 2400 pars
1218 2322 1596 2382 sententiam
1646 2322 1779 2384 eius
1828 2322 2106 2397 laudant,
2155 2323 2452 2382 virtutem

452 2427 649 2486 animi
692 2428 772 2487 ad
817 2428 1058 2487 caelum
1102 2427 1350 2504 ferunt3
1400 2426 1513 2486 alii
1557 2428 1714 2487 alies
1759 2427 2153 2505 increpantes
2194 2427 2452 2487 timidos

451 2537 695 2607 vocant,
727 2532 880 2593 Cate
907 2533 1112 2592 clarus
1142 2538 1330 2609 atque
1364 2542 1628 2609 magnus
1666 2533 1965 2609 habetur3
2011 2538 2215 2593 senati
2253 2532 2456 2592 decre-
2498 2542 2558 2588 20

451 2642 586 2696 tum
617 2636 709 2713 fit,
742 2643 929 2697 sicuti
957 2637 1067 2697 ille
1095 2643 1437 2697 censuerat.

535 2743 658 2803 Sed
696 2742 854 2802 mihi
891 2743 1093 2803 multa
1128 2742 1382 2819 legenti,
1417 2742 1622 2803 multa
1657 2743 1956 2818 audienti,
1988 2762 2146 2820 quae
2182 2742 2450 2820 populus

451 2848 773 2908 Remanus
819 2848 988 2907 domi
1031 2848 1438 2925 militiaeque,
1484 2857 1645 2908 mari
1687 2854 1875 2926 atque
1918 2853 2087 2908 terra
2134 2847 2453 2925 praeclara

451 2952 734 3012 facinora
772 2953 946 3028 fecit,
985 2952 1151 3013 forte
1192 2952 1400 3013 lubuit
1440 2953 1783 3028 attendere,
1820 2971 1978 3030 quae
2020 2962 2118 3012 res
2162 2962 2450 3011 maxume

451 3064 630 3119 tanta
657 3059 908 3135 negotia
936 3058 1356 3119 sustinuisset.
1445 3059 1730 3119 Sciebam
1773 3067 2216 3136 saepenumere
2257 3068 2452 3136 parva
2496 3072 2555 3117 25

450 3173 641 3226 manu
678 3183 815 3223 cum
857 3173 1100 3239 magnis
1140 3164 1489 3239 legienibus
1527 3164 1804 3224 hostium
1847 3145 2272 3238 contendissffl
2317 3173 2451 3238 ceg-

449 3279 740 3329 noveram
772 3278 985 3348 parvis
1015 3269 1211 3346 cepiis
1240 3269 1408 3329 bella
1436 3276 1611 3344 gesta
1639 3288 1781 3328 cum
1815 3268 2128 3347 opulentis
2164 3268 2446 3344 regibus3

450 3375 530 3434 ad
570 3374 688 3434 hec
732 3393 913 3452 saepe
959 3375 1249 3434 fortnnae
1280 3375 1645 3434 violentiam
1694 3373 2092 3449 toleravisse3
2153 3369 2451 3434 facundia

451 3479 739 3555 Graecos,
787 3480 987 3556 gleria
1029 3480 1183 3540 belli
1231 3479 1449 3540 Gallos
1496 3486 1639 3539 ante
1689 3480 2004 3540 Remanes
2052 3480 2269 3540 fuisse.
2355 3479 2449 3539 Ac

449 3585 606 3644 mihi
634 3585 836 3645 multa
862 3585 1131 3661 agitanti
1156 3586 1485 3645 constabat
1514 3596 1847 3662 paucerum
1878 3585 2108 3644 civium
2138 3585 2449 3661 egregiam
2496 3594 2554 3639 30

450 3690 751 3751 virtatem
800 3696 1025 3751 cuncta
1077 3691 1443 3769 patravisse,
1497 3701 1690 3768 eoque
1745 3692 1987 3751 factum
2040 3696 2138 3749 uti
2193 3690 2449 3749 divitias

447 3802 803 3874 paupertas,
846 3796 1320 3856 multitudinem
1361 3796 1645 3874 paucitas
1689 3801 2026 3873 superaret.
2123 3795 2245 3855 Sed
2286 3799 2449 3872 post-
