2967 4300
395 392 490 460 51]
1069 392 1373 442 BELLUM
1419 391 1834 443 CATILINAE.
2417 378 2503 443 43

399 564 696 643 requiem,
720 572 846 623 non
868 564 1208 623 cruciatum
1231 581 1368 624 esse
1388 586 1405 638 3
1448 582 1584 622 eam
1606 568 1831 622 cuncta
1850 562 2209 622 mortalium
2237 563 2405 622 mala
2443 578 2460 591 ⁸

403 668 780 744 dissolvere;
827 669 997 728 ultra
1032 688 1234 746 neque
1270 678 1454 728 curae
1491 686 1693 745 neque
1731 668 1960 743 gaudie
2000 667 2204 727 locum
2246 685 2398 728 esse.

404 774 546 848 Sed,
589 792 701 852 per
742 774 891 834 dees
936 774 1329 849 immortaHS,
1373 793 1562 851 quam
1607 773 1686 833 ob
1730 791 1861 832 rem
1909 773 1978 832 in
2026 773 2404 833 sententiam

403 890 528 940 nen
570 879 890 954 addidisti,
934 885 1030 939 uti
1070 879 1245 956 prius
1287 879 1649 940 verberibus
1690 878 1759 936 in
1800 887 1904 938 ees
1954 878 2406 938 animadvorte-

403 991 576 1046 retur
595 988 627 1045 ⁸?
709 984 816 1051 An
846 985 995 1062 quia
1021 984 1126 1043 lex
1159 984 1383 1044 Porcia
1410 990 1585 1044 vetat
1605 986 1637 1043 Ῥ
1719 982 1809 1043 At
1847 983 2007 1043 aliae
2044 983 2214 1059 leges
2251 983 2404 1043 item
2450 995 2481 1041 ὅ
2531 986 2534 989 ’

403 1092 834 1151 condemnatis
861 1090 1105 1150 civibus
1133 1098 1259 1149 non
1288 1089 1562 1149 animam
1591 1088 1769 1166 eripi,
1800 1089 1912 1148 sed
1942 1088 2236 1149 exsilium
2272 1107 2406 1166 per-

298 1263 309 1269 ,
403 1198 577 1256 mitti
598 1197 831 1259 iubent.
893 1196 997 1253 An
1019 1195 1168 1271 quia
1195 1194 1448 1270 gravius
1471 1200 1569 1254 est
1588 1194 1907 1254 verberari
1935 1212 2121 1271 quam
2149 1195 2403 1253 necari?

404 1302 570 1372 Quid
591 1306 801 1361 autem
824 1300 1109 1360 acerbum
1134 1304 1245 1371 aut
1272 1299 1463 1360 nimis
1493 1317 1680 1374 grave
1709 1304 1807 1359 est
1834 1299 1903 1358 in
1928 1299 2213 1359 homines
2241 1303 2408 1359 tanti

404 1407 703 1467 facinoris
732 1405 1050 1465 convictos
1070 1407 1102 1464 ⁸?
1182 1404 1297 1467 Sin
1325 1405 1475 1482 quia
1503 1404 1706 1464 levius
1735 1409 1851 1480 est,
1882 1386 2311 1481 qui'convenit
2337 1403 2407 1461 in

405 1511 643 1571 minere
677 1511 928 1587 negotio
962 1488 1163 1587 legem
1200 1510 1440 1585 timere,
1476 1527 1619 1569 cum
1654 1500 1792 1569 eam
1829 1509 1897 1569 in
1933 1508 2169 1570 maier-e
2204 1509 2409 1585 negle-
2455 1520 2512 1567 ιο

405 1616 570 1693 geris
591 1619 622 1675 ?
1981 1692 1986 1695 ἢ

475 1715 514 1751 “
533 1715 624 1775 At
646 1717 812 1775 enim
831 1718 973 1794 quis
996 1718 1427 1795 reprehendet,
1447 1719 1617 1797 quod
1633 1719 1700 1778 in
1721 1718 2065 1796 parricidas
2092 1727 2182 1777 reI
2211 1717 2410 1796 publi-

407 1840 513 1881 cae
552 1821 869 1880 decretum
908 1820 1028 1879 erit
1046 1821 1078 1877 ?
1136 1802 1455 1897 Tempus,
1488 1820 1640 1895 dies,
1669 1820 1943 1897 fortuna,
1978 1822 2155 1882 cuius
2192 1822 2410 1884 lubido

409 1926 697 2002 gentibus
727 1925 1100 1987 moderatur.
1185 1916 1329 1985 Illis
1366 1925 1591 1986 merite
1632 1925 1892 2001 accidet,
1930 1927 2233 2005 quicquid
2277 1937 2410 1988 eve-

406 2032 602 2107 nerit3
655 2036 929 2090 ceterum
970 2040 1107 2106 vos}
1139 2035 1350 2107 patres
1391 2036 1749 2137 comcfipti,
1789 2032 1962 2113 quid„
1981 2032 2050 2090 in
2091 2032 2248 2094 alies
2289 2038 2410 2093 sta-
2455 2047 2514 2093 15

406 2137 602 2199 tuatis
635 2137 1044 2198 censiderate.
1130 2135 1358 2198 Omnia
1394 2135 1564 2197 mala
1603 2113 1892 2216 e'xempla
1931 2156 2010 2198 ex
2050 2138 2231 2199 bonis
2271 2143 2411 2199 orta

407 2249 588 2320 sunt,
633 2244 743 2303 sed
771 2243 880 2303 ubi
908 2237 1242 2320 imperium
1271 2242 1351 2302 ad
1381 2251 1631 2317 Ignares
1661 2242 1797 2303 eius
1825 2248 1937 2303 aut
1968 2243 2176 2303 minus
2214 2245 2409 2305 bonos

405 2339 712 2427 pe'r‘x'senit,
743 2366 969 2408 novom
995 2346 1158 2407 illud
1189 2348 1545 2425 exemplum
1574 2348 1654 2408 ab
1691 2349 1898 2424 dignis
1936 2354 2001 2408 et
2044 2348 2285 2409 idoneis
2327 2350 2409 2409 ad

405 2453 698 2530 indignes
736 2458 801 2513 et
838 2462 963 2512 non
1008 2452 1264 2513 idenees
1307 2452 1704 2512 transfertur.
1790 2453 2269 2514 Lacedaemonii
2309 2454 2410 2513 de-

405 2559 591 2619 victis
633 2558 1128 2617 Atheniensibus
1177 2558 1442 2633 triginta
1483 2558 1655 2619 vires
1703 2557 2072 2637 imposuere,
2120 2567 2230 2636 qui
2276 2578 2409 2619 rem
2454 2573 2515 2619 20

404 2663 722 2742 publicam
750 2672 962 2723 eorum
991 2668 1351 2723 tractarent.
1422 2663 1484 2721 Ii
1516 2672 1721 2740 primo
1739 2661 2012 2741 'coepere
2045 2682 2409 2742 pessumum

407 2787 714 2846 quemque
764 2773 828 2828 et
874 2768 1162 2828 omnibus
1213 2768 1486 2828 invisum
1537 2768 1971 2829 indemnatum
2019 2779 2274 2845 necare3
2334 2788 2410 2831 ea

405 2875 674 2952 populus
703 2874 930 2934 laetari
957 2880 1022 2934 et
1049 2873 1272 2935 merito
1301 2874 1507 2934 dicere
1535 2873 1688 2934 fieri.
1761 2876 1934 2950 Post,
1964 2875 2072 2934 ubi
2101 2874 2407 2951 paulatim

404 2979 665 3040 licentia
704 2980 921 3054 crevit,
960 2980 1143 3039 iuxta
1180 2980 1374 3040 bonos
1418 2984 1483 3039 et
1527 2979 1727 3040 males
1770 2979 2128 3040 lubidinose
2175 2979 2409 3040 interfi-

405 3103 559 3161 cere,
582 3090 822 3145 ceteres
849 3091 1023 3144 metu
1050 3090 1316 3145 terrere:
1356 3084 1451 3145 ita
1478 3085 1723 3159 civitas,
1754 3084 2060 3145 servitute
2088 3103 2405 3162 oppressa,
2453 3101 2512 3147 25

405 3191 636 3252 stultae
685 3191 966 3252 laetitiae
1012 3200 1222 3267 gravis
1270 3200 1503 3269 poenes
1551 3191 1745 3251 dedit.
1830 3192 2070 3251 Nostra
2108 3191 2409 3253 memoria

403 3297 606 3356 victor
648 3296 826 3356 Sulla
871 3314 1015 3355 cum
1064 3296 1521 3374 Damasippum
1568 3301 1635 3357 et
1681 3296 1840 3357 alies
1890 3296 2025 3356 eius
2066 3297 2253 3372 modi,
2296 3306 2408 3375 qui

403 3402 570 3462 malo
624 3410 718 3462 rei
770 3400 1057 3480 publicae
1113 3407 1457 3476 creverant,
1508 3401 1781 3478 iugulari
1834 3402 2039 3477 iussit,
2089 3401 2232 3480 quis
2280 3412 2408 3463 nen

404 3506 643 3567 factum
692 3507 827 3567 eius
876 3506 1173 3566 laudabat
1194 3508 1225 3565 ⁶?
1282 3506 1569 3567 homines
1618 3508 1916 3569 scelestes
1965 3513 2031 3567 et
2083 3507 2404 3583 factiesc‘m,

403 3621 514 3689 qui
542 3611 959 3673 seditionibus
997 3630 1128 3671 rem
1165 3611 1481 3690 publicam
1519 3612 2010 3689 exagitaverant,
2045 3612 2270 3673 merite
2308 3631 2408 3672 ne-
2453 3622 2511 3669 30

402 3723 572 3777 cates
616 3717 885 3778 aiebant.
972 3717 1098 3777 Sed
1141 3736 1216 3778 ea
1261 3726 1360 3777 res
1404 3727 1668 3793 magnae
1711 3718 1966 3783 initium
2008 3717 2208 3779 cladis
2258 3717 2402 3778 fuit.

400 3821 568 3883 Nam
609 3827 708 3883 uti
751 3822 1015 3900 quisque
1059 3822 1310 3882 domum
1355 3828 1467 3883 aut
1511 3823 1748 3899 villam,
1788 3829 2103 3901 postremo
2138 3832 2251 3884 vas
2296 3826 2407 3883 aut
