2967 4300
427 345 619 413 23-25]
1100 345 1400 395 BELLUM
1447 344 1863 396 CATILINAE.
2449 333 2530 401 17

428 518 529 578 cui
570 535 713 589 cum
761 515 969 578 minus
1020 522 1233 593 gratus
1283 522 1465 591 esset,
1510 516 1661 595 quia
1707 516 1919 594 inopia
1958 517 2165 577 minus
2213 517 2432 595 largiri

428 629 693 702 poterat,
717 617 1274 707 (epenteklorians
1304 622 1503 682 maria
1529 627 1884 739 ugoniusque
1912 621 2197 703 polliceri
2223 623 2430 701 coepit

430 735 493 789 et
519 730 749 790 minari
776 729 1093 789 interdum
1119 728 1307 804 ferro,
1337 737 1406 787 ni
1438 727 1562 789 sibi
1577 720 1861 813 'ojqnoxia
1897 727 2079 817 foret,
2115 733 2430 817 post-ragno
2467 718 2512 769 ¹⁴

428 834 700 895 ferocius
721 818 981 910 ⁴agitare
1024 852 1212 912 quam
1256 832 1478 893 solitus
1522 823 1671 893 el-at.
1755 832 1847 892 At
1885 808 2431 909 Fulvia-insolen-

428 940 555 1000 tiae
584 940 736 1002 Curi
763 948 951 1006 causa
984 938 1253 1015 cognita,
1283 939 1410 998 tale
1445 939 1794 1017 periculum
1823 947 1916 998 rei
1943 938 2232 1016 publicae
2260 938 2431 999 haud
2472 949 2504 995 δ

429 1016 747 1131 occultum·
769 1043 1007 1120 habuit,
1039 1044 1168 1120 scd,
1200 1043 1446 1104 sublato
1480 1049 1750 1123 auctore,
1781 1044 1860 1116 de
1889 1043 2197 1105 Catilinae
2227 1044 2432 1104 coniu-

429 1151 671 1212 ratione
694 1169 851 1228 quae
873 1159 1123 1228 quoquo
1150 1149 1335 1209 modo
1364 1149 1650 1209 audierat
1678 1126 2101 1227 com⁹pluribus
2115 1094 2494 1253 ‘narravits

308 1242 650 1334 Ares
680 1256 748 1314 in
775 1264 994 1333 primis
1024 1254 1235 1316 studia
1261 1254 1587 1314 hominum
1616 1254 1900 1315 accendit
1919 1255 2008 1319 >ad
2036 1253 2431 1315 consulatum

430 1360 851 1421 mandandum
874 1362 962 1419 M.
988 1360 1199 1420 Tullio
1221 1360 1523 1421 Ciceroni.
1607 1361 1897 1437 Namque
1926 1366 2112 1421 antea
2132 1360 2430 1447 pleraque

429 1465 728 1566 nfibiljssfios
778 1465 1020 1525 invidia
1067 1465 1394 1525 aestuabat
1442 1470 1507 1524 et
1554 1465 1738 1547 quasi
1785 1464 1985 1542 pollui
2038 1455 2429 1526 consulatum
2476 1478 2535 1526 10

430 1571 783 1648 cradebant,
815 1581 872 1631 si
899 1590 1042 1631 eum
1069 1567 1356 1650 quamvis
1396 1570 1680 1649 egregius
1717 1572 1911 1651 horno·
1937 1590 2131 1632 novos
2166 1573 2430 1651 adeptus
2495 1574 2582 1605 ’Λ

429 1658 613 1738 foret.
700 1677 822 1738 Sed
824 1676 952 1763 ,ubi
978 1676 1325 1756 periculum
1354 1675 1630 1752 advenit,
1654 1654 1896 1736 invidia
1923 1681 2112 1756 atque
2141 1677 2435 1755 superbia
2498 1721 2509 1730 -

430 1789 575 1861 post
602 1768 823 1857 fuerflff
1527 1841 1531 1844 .

272 1883 335 1920 ἡ
511 1887 607 1949 24.
666 1858 890 1964 Igitur,
935 1878 1204 1953 comitiis
1255 1885 1510 1962 habitis,
1560 1885 1846 1948 cunsules
1895 1886 2293 1948 declarantur
2339 1887 2427 1947 M.

432 1993 680 2055 Tullius
723 1998 787 2053 et
829 1993 896 2055 C.
939 1992 1275 2053 Antonius
1360 1992 1543 2063 Quod
1584 1992 1824 2052 factum
1866 2001 2070 2080 primo
2111 1993 2432 2084 popularis
2477 2006 2535 2054 16

433 2097 879 2160 coniurationis
913 2101 1326 2188 concusserat.
1410 2098 1636 2175 Neque
1669 2102 1882 2158 tamen
1918 2097 2229 2160 Catilinae
2257 2099 2433 2161 furor

433 2205 848 2281 minuebatur,
883 2205 992 2265 sed
1029 2204 1097 2264 in
1133 2203 1269 2265 dies
1307 2203 1494 2282 plura
1529 2204 1786 2280 agitare,
1817 2223 1992 2265 arma
2026 2224 2138 2284 per
2175 2193 2433 2266 Ttaliam

434 2310 586 2372 locis
628 2316 950 2389 oportunis
992 2318 1233 2387 parare,
1263 2309 1595 2387 pecuniam
1635 2320 1749 2371 sua
1784 2316 1894 2371 aut
1932 2320 2271 2371 amicorum
2309 2310 2434 2371 fide

435 2420 749 2494 sumptam
769 2421 1052 2475 mutuam
1073 2415 1371 2476 Faesulas
1394 2416 1476 2476 ad
1496 2415 1806 2476 Manlium
1833 2402 2143 2493 quendam
2165 2422 2431 2495 portare,

435 2530 546 2598 qui
586 2526 806 2598 postea
843 2530 1134 2599 princeps
1176 2519 1305 2581 fuit
1345 2520 1500 2581 belli
1540 2520 1839 2581 faciundi.
1923 2523 2019 2582 Ea
2058 2526 2432 2601 tempestate
2478 2532 2539 2579 20
2586 2509 2652 2589 *ς

434 2625 757 2704 plurumos
795 2625 1094 2702 cuiusque
1133 2626 1376 2701 generis
1412 2599 2083 2688 homin‘as‘ffisfzivisse
2123 2627 2244 2688 sibi
2287 2627 2437 2687 dici-

434 2736 557 2807 tur,
586 2728 880 2792 mulieres
909 2730 1100 2790 etiam
1129 2730 1388 2809 aliquot,
1418 2749 1578 2809 quae
1611 2714 1820 2810 primu=
1841 2732 2116 2808 ingentis
2145 2737 2433 2809 sumptus

436 2841 654 2914 stupro
681 2835 954 2914 corporis
983 2836 1422 2912 toleraverant,
1452 2842 1614 2915 post,
1632 2837 1745 2897 'ubi
1775 2837 1956 2898 aetas
1975 2842 2221 2897 tantum
2251 2836 2436 2896 modo

435 2947 727 3020 quaestui
776 2960 980 3019 neque
1036 2941 1321 3001 luxuriae
1376 2942 1631 3002 modum
1686 2942 1941 3017 fecerat,
1998 2960 2101 3001 aes
2161 2940 2434 3000 alienum

436 3047 670 3123 grande
699 3046 1138 3107 conflaverant.
1223 3047 1345 3106 Per
1378 3056 1483 3108 eas
1522 3057 1587 3108 se
1622 3046 1904 3109 Catilina
1932 3046 2227 3107 credebat
2254 3065 2435 3125 posse
2480 3060 2538 3105 25

435 3152 694 3214 servitia
720 3153 961 3213 urbana
997 3152 1361 3229 sollicitare,
1391 3154 1608 3214 urbem
1642 3152 1990 3228 incendere,
2025 3151 2193 3212 viros
2222 3160 2432 3212 earum

434 3257 537 3317 vel
566 3257 904 3335 adiungere
934 3258 1056 3318 sibi
1085 3258 1186 3317 vel
1215 3258 1581 3318 interficere.

513 3363 611 3426 25.
671 3365 796 3425 Sed
822 3364 890 3423 in
915 3350 996 3425 iis
1025 3369 1160 3425 erat
1190 3363 1573 3442 Sempronia,
1604 3380 1763 3442 quae
1792 3361 1993 3423 multa
2019 3381 2202 3441 saepe
2230 3362 2435 3423 virilis

435 3469 731 3530 audaciae
761 3469 1042 3530 facinora
1068 3474 1481 3530 commiserat.
1559 3469 1735 3528 Haec
1757 3467 1983 3527 mulier
2003 3487 2225 3545 genere
2249 3475 2434 3546 atque

435 3574 655 3651 forma,
685 3580 1011 3653 praeterea
1049 3575 1187 3635 viro
1229 3579 1416 3651 atque
1458 3572 1674 3634 liberis
1717 3572 1871 3635 satis
1912 3574 2237 3634 fortunata
2276 3573 2431 3649 fuit3
2480 3587 2536 3632 30

438 3678 666 3741 litteris
706 3681 962 3754 Graecis
998 3686 1061 3740 et
1096 3681 1343 3740 Latinis
1382 3680 1581 3755 docta,
1611 3679 1896 3758 psallere,
1928 3681 2158 3740 saltare
2196 3676 2436 3752 elegan-

346 3837 360 3850 .
438 3784 566 3846 tius
607 3804 796 3863 quam
843 3799 1095 3847 necesse
1131 3791 1240 3876 „est
1287 3785 1535 3865 probae,
1577 3786 1778 3847 multa
1817 3786 1958 3861 alia,
2003 3802 2162 3862 quae
2210 3786 2435 3842 instru-
2534 3793 2536 3796 ’
