2967 4300
391 352 584 418 36-37]
1066 354 1368 404 BELLUM
1415 353 1833 406 cA'rinmAE.
2424 342 2507 409 27

262 456 477 615 s(
471 524 566 585 36.
628 525 752 585 Sed
791 525 925 604 ipse
963 535 1193 603 paucos
1233 526 1367 587 dies
1406 532 1822 587 commoratus
1861 527 2029 604 apud
2070 526 2135 587 C.
2174 527 2404 588 Flami·

244 612 253 621 ’
391 630 567 689 nium
590 631 656 690 in
679 640 827 706 agro
848 630 1162 705 Arretino,
1189 631 1338 690 dum
1363 633 1751 692 vicinitatem
1782 637 1968 692 antea
1997 632 2400 694 sollicitatam

292 812 305 823 ⁴
391 745 582 796 armis
611 742 888 825 exsp-nat,
919 754 1061 795 cum
1089 736 1366 797 fascibus
1396 743 1585 814 atque
1613 737 1757 798 aliis
1789 738 2015 816 imperi
2048 739 2397 814 insignibus

390 841 459 900 in
491 846 698 902 castra
724 838 806 900 a'd
834 841 1145 901 Manlium
1179 842 1518 902 contendit.
1604 843 1783 903 Haec
1821 844 1930 903 ubi
1968 845 2204 904 Romae
2242 862 2401 904 com·

384 951 571 1023 perta
598 951 764 1021 sunt,
796 952 1047 1007 senatus
1079 947 1416 1007 Catilinam
1450 954 1516 1007 et
1554 948 1867 1008 Manlium
1902 949 2103 1010 hostis
2142 949 2395 1025 iudicat,
2444 958 2473 1003 5

373 1038 628 1111 'ceterae
670 1050 1071 1111 multitudini
1107 1038 1273 1111 diein
1314 1053 1558 1128 statuit,
1590 1058 1736 1113 ante
1775 1073 1962 1132 quam
2002 1054 2135 1115 sine
2174 1054 2397 1114 fraude

390 1118 621 1217 liceret
637 1158 715 1217 ab
742 1142 934 1217 armis
968 1124 1303 1234 discedere,
1334 1121 1586 1235 9ΥεῖθῖΞὶ
1617 1168 1824 1218 rerum
1856 1159 2223 1237 capitalium
2261 1178 2398 1219 con-

392 1262 736 1340 demnatis3
777 1268 1101 1341 praeterea
1128 1263 1426 1339 decernit,
1447 1269 1548 1323 uti
1573 1259 1860 1325 consules
1889 1249 2187 1324 dilectum
2215 1245 2397 1325 habe-

390 1373 520 1443 ant,
550 1367 865 1429 Antonius
903 1387 1044 1428 cum
1083 1368 1362 1428 exercitii
1396 1369 1735 1430 Catilinam
1773 1379 2063 1448 persequi
2104 1375 2392 1446 maturet,

391 1472 608 1534 Cicero
635 1473 778 1533 urbi
804 1473 1118 1551 praesidio
1147 1436 1375 1582 δὴ]
2441 1484 2500 1529 10
2519 1499 2564 1520 s

203 1542 567 1696 ssa
611 1583 985 1658 tempestate
1032 1579 1189 1637 mihi
1236 1578 1572 1657 imperium
1620 1578 1841 1657 populi
1879 1581 2152 1661 Romani
2195 1580 2394 1642 multo

390 1693 683 1745 maxume
731 1683 1085 1745 miserabile
1133 1693 1342 1745 visum
1397 1689 1512 1744 est.
1614 1684 1730 1746 Cui
1780 1664 1920 1744 cum
1975 1685 2056 1745 ad
2110 1695 2391 1746 occasum

390 1789 470 1849 ab
506 1794 651 1849 ortu
687 1788 849 1850 solis.
875 1788 1086 1849 omnia
1127 1789 1366 1868 domita
1405 1798 1597 1849 armis
1638 1778 1946 1867 pararent,
1987 1790 2156 1849 domi
2196 1790 2394 1850 otium

390 1898 581 1971 atque
629 1893 908 1969 divitiae,
951 1913 1111 1972 quae
1159 1904 1363 1971 prima
1408 1893 1706 1954 mortales
1754 1900 1998 1973 putant,
2048 1895 2391 1970 affluerent,

391 1998 569 2059 fuere
597 2004 810 2060 tamen
838 2008 1025 2075 cives,
1057 2009 1167 2077 qui
1196 2009 1386 2076 seque
1420 2018 1675 2077 remque
1712 2000 2027 2078 publicam
2062 2000 2392 2065 obstinatis
2442 2011 2498 2055 15

391 2103 620 2166 animis
649 2104 965 2190 perditum
995 2083 1204 2207 sterit]
1262 2106 1554 2186 Namque
1597 2091 1838 2166 (1ηόὦὲ
1860 2092 2088 2166 ‘senati
2123 2086 2394 2188 decrffi
2549 2130 2560 2162 ι
2621 2090 2624 2099 ’

391 2229 469 2270 ex
516 2216 697 2270 tanta
742 2210 1150 2271 multitfidine
1199 2228 1401 2288 neque
1448 2210 1727 2294 praemio
1773 2211 2069 2271 inductus
2117 2204 2392 2303 coniura-

389 2314 624 2375 tionem
660 2315 1046 2393 patefecerat
1081 2334 1285 2392 neque
1322 2334 1401 2375 ex
1441 2320 1666 2376 castris
1710 2316 2019 2377 Catilinae
2061 2317 2393 2393 quisquam
2653 2387 2662 2396 ³

391 2419 670 2480 omnium
724 2420 1132 2481 discesserat:
1204 2425 1383 2480 tanta
1436 2413 1535 2480 tiis
1591 2421 1793 2481 morbi
1844 2440 1916 2482 ac
1962 2420 2164 2482 veluti
2216 2411 2392 2482 tabes
2469 2419 2616 2516 s‘

390 2525 721 2604 plerosque
762 2525 997 2585 civium
1037 2525 1278 2586 animos
1307 2509 1656 2586 ffiaserat.
2373 2517 2498 2579 1‘20

470 2629 569 2692 3⁷.
625 2632 850 2708 Neque
898 2630 1103 2691 solum
1149 2630 1281 2691 illis
1330 2631 1540 2690 aliena
1581 2641 1757 2691 mens
1807 2637 1956 2705 erat,
2005 2641 2115 2708 qui
2160 2632 2394 2692 conscii

389 2735 839 2796 coniurationis
868 2735 1139 2810 fuerant,
1170 2735 1281 2796 sed
1309 2745 1562 2796 omnino
1590 2741 1814 2796 cuncta
1840 2736 2056 2814 plebes
2090 2746 2393 2796 novarum

390 2850 611 2900 rerum.
627 2839 836 2902 studio
870 2840 1180 2901 Catilinae
1217 2841 1471 2918 incepta
1505 2840 1823 2918 probabat.
1909 2841 1988 2900 Id
2029 2841 2183 2900 adeo
2223 2850 2392 2901 more

391 2953 505 3007 sus)
544 2945 878 3007 videbatur
921 2945 1143 3006 facere.
1227 2946 1395 3005 Nam
1440 2964 1685 3023 semper
1730 2945 1799 3003 in
1847 2945 2122 3020 civitate,
2167 2946 2392 3022 quibus

392 3060 540 3129 opes
578 3051 789 3111 nfillae
829 3056 995 3126 sunt,
1024 3052 1204 3111 bonis
1243 3050 1549 3126 invident,
1585 3049 1784 3111 mal6s
1824 3045 2152 3125 extollunt,
2183 3056 2395 3112 vetera
2439 3059 2498 3105 26

393 3156 595 3231 odere,
625 3175 790 3216 nova
822 3161 1142 3234 exoptant,
1173 3156 1324 3216 odio
1363 3166 1618 3217 suarum
1658 3164 1865 3215 rerum
1910 3160 2143 3214 mutari
2186 3155 2396 3217 omnia

477 3364 569 3427 2¹7,
598 3362 786 3417 11-16.
830 3361 888 3415 N
889 3363 1007 3417 filla
1024 3367 1111 3416 est
1128 3363 1280 3417 enim
1302 3363 1474 3427 natio,
1493 3379 1662 3431 quarn
1681 3361 2168 3432 pertimasoamuffi
2207 3363 2396 3417 nfillus

393 3455 508 3514 rex,
552 3457 649 3520 qui
692 3449 906 3503 bellum
948 3451 1158 3520 populo
1204 3450 1456 3503 Romano
1497 3448 1684 3502 facere
1727 3449 1921 3518 possit.
2010 3449 2222 3504 Omnia
2263 3455 2397 3504 sunt

393 3539 628 3590 externa
654 3541 820 3590 unius
845 3536 1057 3591 virtute
1084 3542 1234 3591 terra
1258 3543 1512 3605 marique
1536 3540 1757 3605 pacata3
1785 3536 2155 3592 domesticum
2183 3537 2398 3592 bellum

395 3628 602 3688 manet,
629 3624 785 3677 intus
809 3624 1052 3678 insidiae
1078 3627 1226 3689 sunt,
1254 3624 1409 3677 intus
1445 3623 1728 3677 inclusum
1764 3625 2079 3694 periculum
2112 3629 2214 3690 est,
2242 3625 2398 3680 intus

395 3712 482 3763 est
514 3709 709 3765 hostis.
783 3712 930 3765 Cum
965 3711 1191 3765 luxuria
1225 3710 1404 3777 nobis,
1431 3727 1562 3764 cum
1596 3712 1858 3778 amentia,
1883 3729 2016 3767 cum
2050 3712 2257 3766 scelere
2290 3727 2403 3765 cer·
2442 3720 2478 3769 ὅ

395 3796 636 3854 tandum
657 3797 937 3854 est-11.
962 3813 1022 3854 v.
