2967 4300
422 338 504 402 20

452 957 481 1002 5

426 1485 485 1532 10

427 2006 485 2053 15

1109 346 1168 398 C.
1215 346 1563 396 SALLUSTI
1610 345 1846 396 CRISPI
2337 347 2528 412 [28-29

603 519 700 580 28.
756 519 978 596 Igitur,
1005 518 1355 596 perterritis
1385 537 1457 578 ac
1488 518 1923 578 dubitantibus
1947 522 2190 594 ceteris,
2214 519 2280 580 C.
2305 518 2528 580 Corno-

524 626 669 700 lius,
702 643 891 702 eques
925 625 1263 699 RomanuS,
1298 642 1551 701 operam
1590 641 1767 683 suam
1801 621 2142 701 pollicitus,
2173 628 2237 683 et
2274 642 2416 683 cum
2453 633 2527 685 eo

526 732 596 790 L.
626 730 1068 806 Vargunteius,
1104 733 1371 803 senator,
1407 728 1788 788 constituere
1825 737 1900 788 ea
1935 733 2114 788 nocte
2157 728 2345 806 paulo
2385 735 2529 807 post

527 855 668 896 cum
728 842 984 895 armatis
1047 833 1406 894 hominibus
1469 838 1657 895 sicuti
1723 833 2065 894 salutatum
2130 833 2386 894 introire
2448 835 2529 896 ad

528 942 889 1004 Ciceronem
927 959 999 1000 ac
1036 940 1113 999 de
1152 939 1496 1017 improviso
1537 939 1750 999 domui
1792 958 1940 1000 suae
1982 939 2355 1017 imparatum
2392 950 2530 1000 con·

528 1047 758 1106 fodere.
846 1046 1071 1107 Curius
1120 1045 1229 1106 ubi
1278 1045 1611 1121 intellegit,
1656 1052 1961 1123 quantum
2003 1045 2348 1122 periculum
2391 1055 2530 1106 con·

529 1151 653 1213 suli
701 1151 1078 1229 impendeat,
1128 1161 1388 1229 propere
1445 1170 1556 1229 per
1611 1150 1902 1211 Fulviam
1959 1150 2243 1211 Ciceroni
2296 1151 2527 1227 dolum,

529 1267 639 1334 qui
675 1257 1027 1335 parabatur,
1053 1256 1361 1318 enuntiat.
1448 1257 1553 1316 Ita
1586 1255 1684 1315 illi
1720 1255 1910 1316 ianua
1942 1252 2245 1334 prohibiti
2281 1262 2527 1316 tantum

528 1361 773 1423 facinus
802 1362 1042 1422 frustra
1071 1366 1489 1440 susceperant.

609 1468 860 1527 Interea
887 1467 1166 1529 Manlius
1197 1467 1262 1527 in
1289 1467 1551 1527 Etruria
1584 1466 1830 1546 plebem
1865 1466 2222 1542 sollicitare,
2252 1473 2528 1543 egestate

530 1566 718 1634 simul
753 1592 823 1633 ac
861 1573 1072 1634 dolore
1114 1573 1381 1634 iniuriae
1423 1581 1737 1640 novarum
1772 1582 1978 1633 rorum
2020 1572 2331 1650 cupidam,
2353 1552 2528 1650 ⁴duod

531 1678 742 1739 Sullae
771 1679 1195 1740 dominatione
1234 1688 1415 1754 agros
1452 1679 1738 1756 bonaque
1776 1677 1988 1738 omnia
2018 1682 2331 1752 amiserat,
2361 1695 2530 1755 prae-

528 1789 700 1844 terea
747 1783 1021 1846 latrones
1069 1786 1370 1862 cuiusque
1419 1786 1686 1861 generis,
1729 1794 1994 1862 quorum
2041 1785 2108 1844 in
2157 1792 2230 1845 ea
2276 1783 2529 1860 regione

529 1899 756 1965 magna
791 1889 977 1967 copia
1006 1895 1160 1965 erat,
1191 1889 1526 1950 nonnullos
1560 1908 1639 1949 ex
1674 1888 1950 1950 Sullanis
1985 1888 2264 1964 coloniis,
2301 1889 2528 1966 quibus

530 1994 746 2055 lubido
804 2000 991 2072 atque
1046 1994 1298 2055 luxuria
1352 2013 1430 2054 ex
1482 2003 1729 2071 magnis
1784 2003 2022 2072 rapinis
2076 1993 2241 2054 nihil
2301 1994 2531 2072 reliqui

531 2099 784 2161 fecerat.

610 2205 707 2267 29.
765 2207 862 2266 Ea
898 2225 1035 2266 cum
1078 2206 1362 2269 Ciceroni
1403 2209 1862 2282 nuntiarentur,
1893 2207 2154 2286 ancipiti
2194 2206 2361 2268 malo
2397 2226 2531 2285 per·

531 2317 756 2386 motus,
807 2312 975 2388 quod
1021 2330 1223 2389 neque
1270 2313 1489 2374 urbem
1538 2315 1616 2374 ab
1664 2313 1915 2374 insidiis
1964 2318 2212 2392 privato
2267 2312 2530 2374 consilio

532 2413 779 2492 longius
835 2421 999 2496 tufiri
1053 2423 1317 2495 poterat,
1374 2436 1577 2495 neque
1632 2418 1942 2480 exercitus
1998 2417 2203 2478 Manli
2257 2422 2530 2494 quantus

532 2525 640 2580 aut
673 2530 796 2598 quo
830 2521 1090 2582 consilio
1132 2523 1298 2582 foret
1339 2523 1494 2584 satis
1536 2528 1924 2602 compertum
1964 2522 2252 2599 habebat,
2281 2541 2414 2583 rem
2452 2522 2533 2583 ad
2590 2596 2594 2600 ⁵

533 2630 816 2704 senatum
867 2627 1063 2696 refert
1112 2627 1237 2688 iam
1280 2633 1468 2688 antea
1510 2628 1679 2705 volgi
1727 2628 2078 2690 rumoribus
2125 2628 2527 2705 exagitatum.

533 2731 775 2809 Itaque,
804 2732 972 2809 quod
1013 2732 1380 2810 plerumque
1421 2733 1490 2793 in
1533 2739 1730 2795 atroci
1769 2735 2021 2811 negotio
2063 2734 2240 2810 solet,
2278 2739 2531 2795 senatus

532 2936 636 2990 ego
655 2929 916 2975 viverem.
980 2921 1208 2992 Reperti
1234 2927 1369 2977 sunt
1394 2923 1509 2978 duo
1534 2924 1753 2993 equites
1780 2924 2037 2987 Romani,
2065 2930 2163 2992 qui
2186 2926 2244 2975 to
2270 2921 2380 2975 isto,
2403 2927 2533 2975 coro

532 3007 837 3063 liberarent
861 3014 919 3064 et
949 3017 1069 3064 soso
1099 3010 1197 3064 illo,
1229 3010 1351 3081 ipso,
1379 3015 1544 3065 nocte
1578 3013 1747 3080 paulo
1785 3015 1916 3064 ante
1954 3012 2137 3064 locem
2176 3016 2266 3062 mo
2306 3009 2367 3061 in
2408 3014 2533 3062 meo

533 3093 740 3149 lectulo
774 3096 1168 3152 interfecti-uos
1201 3114 1320 3152 esse
1354 3097 1773 3167 pollicerentur.
1849 3097 2004 3151 Haec
2040 3112 2144 3166 ego
2181 3095 2390 3161 omnia,
2415 3095 2534 3149 vix-

535 3180 670 3234 dum
698 3185 867 3238 etiam
894 3189 1057 3240 coeto
1075 3189 1264 3239 vestro
1288 3184 1536 3249 dimisso,
1558 3191 1823 3253 comperi.
1887 3184 2135 3237 Domum
2162 3200 2343 3237 meam
2371 3182 2535 3236 moio—

534 3266 690 3320 ribus
715 3272 1010 3338 praesidiis
1040 3278 1260 3326 miinivi
1294 3277 1462 3342 atque
1498 3271 1756 3337 firmavi3
1794 3263 2006 3324 excliisi
2043 3277 2152 3334 eoS,
2187 3278 2325 3339 quos
2361 3274 2426 3323 tri
2461 3268 2535 3323 ad

535 3361 628 3407 mo
664 3356 971 3413 salutatum
1008 3369 1169 3414 mone
1208 3368 1451 3424 miserim,
1488 3376 1617 3412 cum
1654 3359 1740 3412 illi
1775 3356 1883 3428 ipsi
1917 3357 2218 3421 venissent,
2254 3364 2393 3426 quos
2428 3372 2535 3427 ego

456 3449 463 3457 ‘
535 3441 652 3495 iam
690 3444 887 3497 multis
924 3463 986 3498 ac
1024 3455 1262 3501 summis
1298 3448 1435 3502 viris
1475 3447 1550 3501 ad
1586 3454 1677 3500 mo
1712 3446 1773 3500 id
1807 3444 2079 3515 temporis
2113 3449 2377 3498 venturos
2414 3460 2535 3499 esse

433 3709 490 3754 10

534 3529 945 3598 praedixeram.
964 3563 1035 3573 -—
1051 3534 1095 3585 Ι.
1123 3551 1204 3587 1v.

617 3619 710 3681 20,
731 3618 931 3683 22-21,
952 3617 1001 3671 7.
1053 3619 1347 3675 Habomus
1371 3624 1598 3676 senatos
1624 3619 2030 3676 consultum‘in
2056 3622 2130 3683 to,
2157 3617 2423 3687 Catilina,
2447 3635 2538 3673 ve-

536 3703 768 3758 hemons
788 3709 845 3759 et
862 3721 1062 3776 grave3
1091 3714 1206 3760 non
1225 3707 1381 3762 deest
1401 3718 1481 3762 rei
1501 3709 1759 3779 poblicae
1778 3708 2079 3764 consilium
2099 3723 2281 3776 neque
2300 3705 2538 3761 auctori-

535 3794 619 3846 tas
637 3792 804 3846 hoius
830 3792 1070 3859 ordinis;
1102 3800 1218 3857 ηδε,
1242 3801 1357 3857 noS,
1379 3794 1506 3848 dico
1531 3800 1740 3865 aperto,
1763 3795 2018 3850 consules
2043 3794 2470 3849 desumus—1.
2490 3809 2531 3848 1.
