2967 4300
370 376 562 442 4sto]
1045 378 1348 426 BELLUM
1394 377 1811 429 cAT1L1NAn.
2399 365 2484 431 39

372 547 605 622 audivi,
637 553 875 607 tantam
906 547 1083 607 illam
1111 549 1554 608 contumeliam
1589 549 1709 609 sibi
1747 550 1825 609 ab
1860 550 2154 610 Cicer-ene
2188 550 2379 628 impo-

374 655 576 714 sitam.

450 757 545 819 49.
616 759 740 819 Sed
797 759 1021 820 iisdem
1076 760 1460 837 temporibus
1526 761 1593 831 Q.
1653 759 1915 821 Catulus
1977 767 2040 820 et
2103 760 2168 820 C.
2225 762 2378 822 Pise

372 882 571 941 neque
610 865 812 943 pretie
848 883 1050 942 neque
1088 866 1293 942 gratia
1331 865 1690 926 Cicerenem
1734 866 2057 944 impellere
2099 876 2373 944 quivere,

373 976 469 1030 uti
515 989 626 1048 per
667 970 1037 1047 Allobroges
1088 977 1196 1032 aut
1245 969 1436 1031 alium
1490 972 1758 1032 indicem
1817 971 1883 1032 C;
1936 972 2162 1033 Caesar
2211 972 2376 1033 falsu
2422 985 2452 1030 5
2511 1014 2516 1021 -
2568 1047 2572 1051 ι

371 1075 812 1135 nominaretur.
899 1077 1066 1135 Nam
1106 1082 1368 1154 uterque
1413 1095 1554 1137 cum
1600 1077 1712 1138 ille
1758 1087 1966 1153 gravis
2009 1078 2375 1138 inimicitias

372 1182 771 1241 exercebant:
817 1183 965 1242 Pise
995 1188 1390 1260 oppugnatus
1418 1182 1488 1242 in
1515 1182 1749 1245 iudicis)
1776 1183 2176 1261 pecuniarum
2208 1202 2377 1261 repe-

371 1286 708 1346 tundarum
730 1293 985 1364 propter
1007 1287 1331 1347 cuiusdam
1354 1288 1790 1365 Transpadani
1812 1289 2189 1367 supplicium
2218 1289 2377 1348 iniu-

373 1398 534 1453 stum
564 1415 580 1466 3
637 1392 900 1453 Catulus
946 1410 1024 1451 ex
1068 1392 1371 1469 petitiene
1419 1393 1823 1470 pontificatus
1871 1395 2016 1454 odie
2065 1394 2373 1469 incenSUS,

371 1498 539 1576 quod
573 1502 853 1557 extrema
885 1502 1109 1571 aetate,
1138 1506 1448 1558 maxumis
1482 1498 1821 1560 honeribus
1854 1508 2025 1576 usuS,
2055 1500 2134 1560 ab
2170 1499 2378 1559 adule-
2422 1510 2481 1556 10

372 1602 655 1663 scentule
683 1602 948 1663 Caesare
975 1603 1179 1670 victus
1210 1602 1599 1664 discesserat.
1674 1605 1801 1665 Res
1830 1610 2040 1664 autem
2069 1610 2377 1682 oportuna

372 1707 720 1784 videbatur,
756 1707 923 1785 quod
965 1708 1022 1768 is
1063 1708 1363 1786 privatim
1407 1709 1655 1785 egregia
1696 1709 2092 1784 liberalitate,
2130 1710 2375 1788 publice

372 1821 680 1872 maxumis
725 1812 1106 1888 maneribus,
1151 1813 1447 1889 grandem
1499 1815 1827 1892 pecuniam
1876 1815 2155 1875 debebat.
2253 1815 2374 1875 Sed

371 1917 480 1977 ubi
508 1917 825 1977 censulem
852 1918 934 1977 ad
961 1924 1209 1978 tantum
1245 1919 1489 1979 facinus
1524 1919 1847 1997 impellere
1885 1926 2221 1997 nequeunt,
2251 1920 2378 1998 ipsi

375 2021 746 2097 singillatim
787 2023 1226 2084 circumeunde
1271 2029 1459 2102 atque
1510 2025 1931 2101 ementiundo,
1974 2044 2133 2103 quae
2182 2035 2249 2085 se
2298 2045 2376 2085 ex
2423 2038 2482 2085 15

372 2127 697 2188 Volturcie
726 2135 834 2188 aut
862 2127 1304 2205 Allobrogibus
1340 2130 1591 2204 audisse
1628 2131 1924 2208 dicerent,
1955 2140 2242 2208 magnam
2277 2130 2377 2191 illi

372 2232 675 2293 invidiam
740 2233 1180 2320 cenflaverant,
1242 2245 1438 2313 usque
1501 2245 1592 2311 ee,
1647 2242 1719 2300 ut
1781 2237 2070 2296 nennulli
2130 2238 2375 2315 equites

373 2338 660 2418 Remani,
720 2349 831 2416 qui
894 2339 1169 2417 praesidi
1233 2350 1420 2400 causa
1482 2359 1624 2401 cum
1685 2341 1833 2402 telis
1875 2348 2076 2402 -erant
2144 2342 2372 2402 circum

371 2443 588 2502 aedem
633 2443 1031 2520 Concordiae,
1056 2426 1187 2505 ⁸seu
1234 2446 1498 2522 periculi
1547 2446 1977 2522 magnitudine
2026 2465 2136 2507 seu
2183 2448 2378 2507 animi

372 2551 723 2612 mebilitate
761 2532 1037 2627 impulsi,
1071 2560 1194 2628 que
1235 2551 1512 2636 studium
1553 2571 1734 2613 suum
1776 2553 1843 2610 in
1887 2571 2019 2612 rem
2060 2552 2376 2629 publicam
2422 2564 2483 2610 20

372 2658 601 2718 clarius
646 2661 828 2730 esset,
871 2655 1218 2731 egredienti
1260 2674 1339 2716 ex
1383 2664 1608 2717 senatu
1649 2658 1903 2718 Caesari
1946 2658 2155 2733 gladie
2199 2658 2378 2717 mini-

373 2767 674 2823 tarentus.

453 2866 545 2929 50.
603 2867 771 2925 Dum
805 2864 957 2924 haec
993 2865 1061 2924 in
1099 2871 1323 2926 senatu
1359 2871 1629 2942 aguntur
1657 2872 1723 2926 et
1759 2867 1908 2926 dum
1945 2867 2171 2943 legatis
2208 2867 2377 2926 Allo-

372 2974 630 3050 brogum
698 2980 765 3034 et
831 2975 901 3033 Τ.
965 2973 1308 3047 Volturciu,
1378 2972 1775 3049 comprobate
1842 2981 2054 3031 eurum
2123 2972 2373 3049 indicis),

371 3079 650 3156 praemia
685 3079 1120 3153 decernuntur,
1160 3078 1372 3139 liberti
1410 3082 1473 3136 et
1510 3085 1695 3154 pauci
1732 3094 1810 3135 ex
1846 3076 2180 3156 clientibus
2222 3078 2376 3138 Len·
2422 3089 2481 3135 25

371 3184 493 3243 tuli
521 3185 790 3245 divorsis
825 3183 1156 3244 itineribus
1189 3182 1443 3262 opifices
1479 3161 1666 3259 atque
1706 3181 1965 3242 servitia
2001 3182 2066 3240 in
2102 3192 2258 3243 vicis
2296 3185 2376 3244 ad

372 3308 512 3348 eum
552 3290 950 3367 eripiundum
990 3288 1431 3361 sollicitabant,
1467 3287 1700 3365 partim
1739 3286 2148 3364 exquirebant
2187 3288 2374 3350 duces

371 3393 868 3475 multitudinum,
927 3404 1037 3472 qui
1092 3394 1297 3471 pretie
1354 3412 1484 3452 rem
1545 3393 1857 3469 publicam
1914 3402 2139 3454 vexare
2203 3394 2376 3455 soliti

371 3505 585 3575 erant3
644 3500 957 3576 Cethegus
1000 3479 1209 3558 autem
1254 3516 1365 3576 per
1406 3498 1662 3557 nunties
1711 3497 2021 3558 familiam
2069 3504 2258 3577 atque
2305 3499 2377 3558 li-

371 3603 577 3664 bertus
622 3613 784 3679 su6S‚
828 3603 1022 3663 lectus
1066 3609 1129 3663 et
1172 3603 1563 3677 exercitatGS,
1607 3604 1824 3662 erabat
1864 3609 1938 3662 ut
1980 3622 2162 3680 grege
2204 3604 2375 3665 facte
2422 3615 2481 3660 30

371 3726 512 3767 cum
559 3708 705 3768 telis
754 3709 833 3768 ad
883 3718 1017 3769 sese
1063 3708 1498 3784 irrumperent.
1605 3707 1841 3767 Censul
1886 3708 1995 3768 ubi
2045 3728 2118 3767 ea
2165 3718 2376 3786 parari

371 3814 679 3890 cugnevit,
709 3814 1033 3892 dispositis
1062 3813 1395 3892 praesidiis
1429 3818 1502 3871 ut
1535 3822 1633 3871 res
1670 3819 1857 3890 atque
1891 3818 2140 3891 tempus
2172 3823 2375 3873 mone-
