2967 4300
409 354 600 422 58-60]
1081 356 1382 409 BELLUM
1427 357 1841 410 oATmNAn.
2432 346 2517 412 55

411 528 740 605 amittatiS,
795 548 920 590 neu
973 536 1145 609 capti
1196 531 1408 609 potius
1469 536 1658 591 sicuti
1712 549 1936 610 pecora
1989 531 2411 608 trucidemini,

413 652 600 710 quam
640 634 917 695 virorum
961 645 1131 696 more
1175 642 1528 715 pugnantes
1577 642 1896 696 cruentam
1945 642 2132 713 atque
2180 636 2415 697 luctuo-

414 757 545 799 sam
584 740 912 800 victoriam
955 741 1242 802 hostibus
1283 742 1717 819 relinquatis.”

491 843 587 906 59.
646 845 824 905 Haec
866 846 975 906 ubi
1019 846 1201 922 dixit,
1245 846 1574 926 paululum
1619 853 2052 922 commoratuS,
2099 855 2278 922 signa
2320 865 2414 907 ca-

410 968 557 1010 nere
605 949 780 1011 iubet
826 956 1014 1029 atque
1070 957 1410 1012 instructes
1467 952 1717 1013 ordines
1774 953 1841 1012 in
1890 952 2091 1012 locum
2149 970 2413 1030 aequom
2457 965 2488 1012 5

411 1055 682 1116 deducit.
786 1056 969 1133 Dein,
1020 1062 1275 1117 remotis
1331 1058 1611 1117 omnium
1667 1068 1863 1135 equis,
1923 1067 2044 1134 quo
2099 1057 2411 1118 militibus

384 1166 760 1238 {exaequato
814 1162 1092 1240 periculo
1147 1163 1394 1222 animus
1449 1163 1717 1241 amplior
1778 1169 1964 1239 esset,
2021 1163 2158 1241 ipse
2219 1163 2411 1242 pedes

409 1267 753 1326 exercitum
808 1276 922 1345 pro
976 1267 1111 1328 loco
1174 1274 1360 1344 atque
1423 1269 1622 1346 copiis
1684 1268 1961 1328 Instruit.
2073 1269 2258 1345 Nam,
2315 1275 2413 1328 uti

408 1371 709 1450 planities
744 1378 880 1432 erat
911 1371 1079 1432 inter
1123 1372 1414 1434 sinistres
1456 1379 1689 1433 montis
1732 1379 1797 1434 et
1839 1374 1917 1434 ab
1959 1374 2217 1434 dextera
2257 1383 2410 1451 rupe

410 1495 648 1555 aspera,
704 1483 843 1538 octo
897 1478 1172 1538 cohortis
1230 1477 1298 1537 in
1350 1478 1560 1537 fronte
1622 1479 1971 1554 constituit,
2028 1478 2412 1556 reliquarum
2459 1489 2514 1536 10

411 1592 588 1657 signa
642 1582 712 1641 in
765 1582 1048 1644 subsidio
1108 1583 1306 1643 artius
1368 1565 1663 1660 collocat}
1734 1584 1813 1644 ab
1873 1584 1955 1644 iis
2018 1583 2409 1644 centuriones

409 1697 630 1764 omnis,
680 1688 877 1749 lectos
926 1693 991 1748 et
1039 1694 1347 1764 evocatOS,
1397 1695 1720 1766 praeterea
1767 1708 1846 1748 ex
1895 1687 2196 1765 gregariis
2251 1688 2411 1747 mili-

408 1792 579 1853 tibus
608 1799 933 1871 optumum
963 1811 1270 1871 quemque
1300 1800 1610 1854 armatum
1639 1795 1706 1854 in
1737 1803 2004 1872 primam
2039 1793 2235 1853 aciem
2274 1793 2411 1854 sub-

410 1899 602 1958 ducit.
686 1899 751 1960 O.
784 1898 1096 1959 Manlium
1136 1900 1206 1958 in
1245 1901 1485 1975 dextra,
1525 1899 1946 1960 Faesulanum
1989 1899 2301 1977 quendam
2342 1899 2428 1968 in,

412 2003 670 2064 sinistra
695 2010 873 2082 parte
901 2013 1119 2065 curare
1148 2004 1350 2081 iubet3
1387 2004 1525 2083 ipse
1552 2023 1690 2064 cum
1722 2004 1967 2066 libertis
1995 2010 2059 2064 et
2087 2003 2409 2064 calonibus
2457 2016 2514 2062 15
2613 2002 2618 2019 ‘

409 2115 663 2189 propter
691 2109 966 2187 aquilam
995 2109 1269 2186 adsistit,
1302 2129 1490 2188 quam
1518 2109 1684 2172 bello
1718 2109 2027 2172 Gimbrico
2062 2108 2129 2185 C.
2166 2108 2409 2171 Marius

409 2215 476 2274 in
505 2216 784 2277 exercitu
812 2216 1107 2277 habuisse
1140 2216 1477 2277 dicebatur.

488 2322 579 2381 At
620 2340 700 2381 ex
742 2322 943 2382 altera
985 2328 1164 2400 parte
1206 2322 1272 2382 C.
1313 2322 1649 2399 Antonius,
1692 2322 1958 2402 pedibus
2002 2341 2202 2400 aeger,
2241 2307 2410 2399 quod

408 2426 644 2506 proelie
699 2428 919 2487 adesse
974 2427 1289 2505 nequibat,
1347 2429 1436 2487 M.
1495 2429 1746 2489 Petreio
1803 2428 2012 2505 legate
2067 2428 2409 2488 exercitum

406 2532 736 2610 permittit.
822 2531 942 2591 Ille
981 2532 1254 2593 cohortis
1290 2540 1638 2609 veteranaS,
1678 2543 1834 2611 quas
1872 2533 2185 2594 tumultus
2222 2542 2412 2593 causa
2454 2542 2515 2589 20

404 2644 879 2716 conscripserat,
922 2636 989 2695 in
1030 2637 1258 2714 fronte,
1301 2644 1445 2716 post
1486 2648 1593 2698 eas
1637 2644 1913 2699 ceterum
1958 2638 2300 2699 exercitum
2339 2637 2409 2697 in

406 2742 708 2803 subsidiis
763 2742 965 2818 locat-‚3
1035 2742 1173 2821 ipse
1234 2753 1395 2820 equo
1454 2743 1847 2819 circumiens,
1902 2754 2409 2820 unumquemque

406 2848 757 2922 nominanS,
809 2847 1106 2928 appellat,
1156 2848 1462 2924 hortatur,
1514 2854 1709 2925 rogat,
1759 2856 1832 2908 ut
1886 2848 2288 2909 meminerint
2342 2858 2408 2908 se

405 2959 623 3013 contra
659 2952 936 3014 latrenes
971 2952 1262 3029 inermes,
1292 2962 1407 3032 pro
1445 2954 1669 3031 patria,
1706 2963 1821 3031 pre
1858 2952 2093 3028 liberis,
2132 2962 2246 3031 pro
2282 2961 2408 3012 aris

406 3063 595 3135 atque
628 3058 789 3118 focis
825 3067 958 3118 suis
996 3064 1248 3119 certare.
1335 3059 1545 3118 Homo
1581 3057 1895 3133 militaris,
1932 3058 2099 3135 quod
2136 3056 2408 3136 amplius
2454 3069 2515 3116 25

405 3173 602 3225 annes
645 3164 912 3240 triginta
952 3163 1245 3224 tribunus
1292 3169 1402 3224 aut
1444 3164 1803 3243 praefectus
1848 3169 1957 3223 aut
2004 3163 2251 3240 legatus
2300 3168 2410 3223 aut

404 3275 653 3346 praetor
688 3288 829 3329 cum
869 3278 1097 3345 magna
1142 3269 1341 3345 gloria
1383 3269 1450 3328 in
1494 3268 1772 3329 exercitu
1813 3269 2039 3353 fuerat,
2079 3268 2408 3346 plerosque

405 3374 576 3452 ipsos
608 3375 902 3452 factaque
936 3384 1151 3435 eorum
1189 3374 1383 3434 fortia
1423 3379 1718 3451 neverat3
1763 3391 1838 3434 ea
1874 3373 2410 3434 commemorande

404 3478 680 3539 militum
707 3480 949 3540 animos
979 3480 1368 3541 accendebat.

396 3588 401 3593 ’
483 3583 581 3647 60.
642 3585 767 3645 Sed
806 3585 933 3661 ubi,
973 3585 1260 3646 omnibus
1303 3586 1485 3646 rebus
1515 3586 1889 3664 ‘explet-etia
1927 3584 2216 3645 Petreius
2257 3584 2412 3644 tuba
2456 3592 2513 3639 ³⁰

405 3699 653 3766 signum
681 3692 808 3767 dat,
838 3691 1112 3751 cohortis
1140 3690 1446 3769 paulatim
1474 3690 1762 3751 incedere
1796 3691 2002 3766 iubet3
2046 3690 2216 3750 idem
2253 3688 2411 3749 facit

403 3793 679 3857 hostiam
729 3794 1056 3857 exercitus.
1168 3795 1513 3873 Postquam
1562 3805 1635 3857 eo
1679 3801 1936 3856 ventum
1992 3800 2107 3872 est,
2151 3794 2318 3853 unde
2372 3801 2413 3853 a
