2967 4300
404 350 595 415 57-58]
783 348 794 358 ”
1078 347 1375 396 BELLUM
1421 348 1839 397 CATILINAE.
2424 339 2508 403 53

483 520 579 583 57.
640 520 764 580 Sed
804 525 1138 599 postquam
1179 519 1247 578 in
1288 525 1495 579 castra
1535 519 1796 579 nuntius
1842 521 2128 599 pervenit
2170 522 2406 582 Remae

405 626 894 687 coniuratienem
922 625 1320 705 patefactam,
1350 625 1429 684 de
1458 625 1729 685 Lentule
1758 631 1822 685 et
1850 626 2127 702 Cethege
2160 633 2407 687 ceteris-

404 751 541 810 que,
563 741 718 809 ques
743 740 933 809 supra
953 739 1310 806 memoravi,
1333 730 1713 808 supplicium
1743 736 2079 809 sumptum,
2103 731 2403 810 plerique,

405 846 560 914 ques
589 837 670 897 ad
697 835 932 897 bellum
961 845 1104 916 spes
1144 845 1505 914 rapinarum
1539 842 1648 895 aut
1688 845 1990 895 novarum
2031 846 2238 895 rerum
2282 842 2407 897 stu-

385 942 578 1001 'dium
617 941 925 1017 illexerat,
956 940 1348 1016 dilabuntur3
1393 940 1671 1018 reliques
1711 940 1987 1002 Catilina
2020 960 2130 1020 per
2172 949 2404 1003 montis
2450 956 2479 1001 5

394 1056 657 1127 asperes
686 1056 930 1123 magnis
957 1046 1292 1106 itineribus
1321 1046 1389 1104 in
1417 1064 1640 1122 agrum
1662 1029 2115 1107 Pisteriensem
2148 1047 2404 1108 abducit

402 1162 475 1214 ee
496 1152 777 1230 censilie,
800 1158 897 1213 uti
924 1169 1035 1231 per
1062 1152 1350 1212 tramites
1378 1151 1619 1212 occulte
1645 1153 2005 1230 perfugeret
2033 1152 2101 1211 in
2130 1152 2404 1214 Galliam

404 1258 900 1337 Transalpinam.
984 1258 1075 1319 At
1116 1258 1185 1330 Q.
1227 1257 1527 1319 Metellus
1571 1258 1750 1319 Celer
1789 1277 1933 1319 cum
1974 1258 2177 1319 tribus
2219 1258 2406 1335 legie-

402 1363 589 1425 nibus
632 1364 701 1423 in
743 1373 891 1440 agre
934 1365 1168 1424 Picene
1209 1364 1625 1442 praesidebat,
1663 1382 1741 1423 ex
1787 1362 2155 1423 difficultate
2198 1373 2401 1424 rerum

366 1488 369 1491 ·
402 1470 620 1530 eadem
664 1468 779 1530 illa
821 1475 1231 1545 existumanS,
1278 1487 1436 1546 quae
1482 1478 1675 1547 supra
1721 1469 2017 1545 diximus,
2064 1468 2404 1530 Catilinam
2452 1481 2509 1527 10

402 1575 657 1652 agitare.
734 1574 960 1652 Igitur,
988 1574 1098 1635 ubi
1125 1573 1248 1635 iter
1276 1574 1411 1634 eius
1440 1592 1519 1634 ex
1545 1574 1830 1652 perfugis
1858 1573 2168 1650 cegnevit,
2198 1580 2406 1635 castra

356 1718 363 1725 »
402 1689 665 1760 propere
697 1680 895 1740 mevit
927 1698 999 1740 ac
1039 1680 1155 1740 sub
1192 1679 1352 1758 ipsis
1390 1679 1707 1740 radicibus
1748 1679 2057 1739 montium
2098 1679 2401 1754 censedit,

403 1794 530 1863 qua
570 1785 673 1844 illi
714 1786 1053 1845 descensus
1101 1791 1236 1845 erat
1282 1784 1351 1844 in
1395 1783 1673 1846 Galliam
1720 1790 2096 1863 properanti.
2180 1784 2403 1863 Neque

312 1911 319 1917 ·
402 1895 616 1951 tamen
635 1889 953 1950 Antenius
981 1889 1199 1979 procul
1226 1889 1460 1966 aberat,
1482 1895 1703 1969 utpote
1733 1899 1844 1968 qui
1869 1898 2097 1966 magne
2124 1889 2405 1950 exercitu

402 1995 557 2056 locis
585 1995 985 2073 aequieribus
1021 1996 1355 2075 expeditus
1392 1996 1675 2055 tardates
1718 1995 1785 2055 in
1825 1995 1981 2071 fuga
2022 2000 2401 2083 sequeretur.
2398 2048 2426 2083 r
2450 2008 2508 2054 15

404 2101 528 2162 Sed
559 2101 852 2179 Catilina,
881 2107 1215 2181 postquam
1242 2100 1417 2162 videt
1452 2099 1771 2162 montibus
1808 2104 1996 2179 atque
2033 2100 2231 2180 cepiis
2269 2100 2406 2162 hos-

405 2207 563 2267 tium
610 2216 746 2268 sese
789 2206 1092 2284 clausum,
1138 2208 1207 2267 in
1253 2207 1406 2268 urbe
1453 2216 1556 2267 res
1604 2207 1921 2283 advorsaS,
1965 2224 2166 2283 neque
2216 2206 2404 2283 fugae

403 2311 911 2391 nequepraesidi
939 2312 1134 2373 ullam
1164 2330 1357 2392 spem,
1387 2317 1715 2391 optumum
1747 2311 1926 2372 factu
1961 2318 2137 2372 ratus
2178 2310 2247 2371 in
2287 2311 2405 2372 tali

291 2473 302 2482 .
402 2427 469 2478 re
511 2418 829 2479 fortunam
870 2417 1025 2479 belli
1064 2423 1390 2497 temptare,
1435 2418 1662 2479 statuit
1704 2436 1848 2478 cum
1887 2417 2169 2479 Antenie
2219 2436 2403 2495 quam

402 2532 674 2602 primum
722 2522 1071 2600 cenfligere.
1155 2523 1400 2602 Itaque,
1443 2523 1732 2583 contiene
1781 2524 2101 2599 advocata,
2144 2524 2403 2584 huiusce
2449 2532 2509 2579 20

402 2628 575 2689 modi
614 2629 959 2690 eratienem
1000 2628 1252 2690 habuit:

483 2732 582 2796 58.
641 2739 679 2770 “
696 2734 1097 2813 Compei-tum
1146 2752 1260 2812 ego
1307 2734 1526 2811 habee,
1570 2733 1823 2810 milites,
1871 2734 2061 2795 verba
2106 2734 2404 2795 virtutem

403 2847 530 2900 nen
575 2839 822 2916 addere,
871 2857 1074 2918 neque
1128 2857 1207 2899 ex
1260 2849 1489 2916 ignave
1538 2844 1862 2899 strenuum
1916 2857 2118 2916 neque
2175 2839 2405 2899 fortem

404 2962 483 3004 ex
516 2944 742 3005 timide
779 2944 1120 3005 exercitum
1159 2945 1440 3005 eratione
1482 2943 1878 3023 imperateris
1920 2943 2072 3005 fieri.
2156 2944 2406 3016 Quanta

403 3048 705 3128 cuiusque
734 3049 942 3110 anime
969 3049 1231 3110 audacia
1266 3056 1495 3110 natura
1533 3055 1642 3110 aut
1682 3049 1959 3110 meribus
2002 3049 2186 3125 inest,
2225 3055 2405 3109 tanta
2450 3057 2507 3102 25

402 3154 472 3214 in
498 3154 664 3216 belle
690 3161 905 3234 patere
935 3154 1109 3215 solet.
1194 3156 1392 3228 Quem
1421 3174 1623 3232 neque
1662 3153 1861 3230 gleria
1893 3171 2094 3230 neque
2129 3154 2406 3232 pericula

403 3260 701 3335 excitant,
733 3269 1112 3337 nequiquam
1140 3261 1423 3336 hortere3
1467 3260 1657 3319 timor
1685 3259 1880 3319 animi
1908 3259 2163 3319 auribus
2193 3258 2400 3318 officit.

405 3364 528 3425 Sed
555 3382 668 3442 ego
689 3374 820 3441 veS,
846 3375 968 3443 que
995 3384 1193 3444 pauca
1220 3375 1553 3441 monerem,
1578 3366 1894 3440 advocavi,
1928 3363 2116 3424 simul
2143 3370 2241 3424 uti
2268 3383 2404 3425 cau-

405 3488 537 3529 sam
565 3480 691 3529 mei
718 3470 944 3531 censili
971 3481 1294 3550 aperirem.

474 3584 511 3615 “
528 3578 717 3639 Scitis
741 3576 1051 3655 equidem,
1074 3575 1329 3653 milites,
1354 3573 1637 3635 secordia
1657 3579 1845 3652 atque
1868 3574 2121 3651 ignavia
2149 3573 2407 3633 Lentuli
2452 3577 2509 3622 30

401 3685 700 3758 quantam
745 3680 871 3758 ipsi
913 3680 1217 3757 nebisque
1261 3678 1505 3739 cladem
1553 3678 1856 3754 attulerit,
1905 3688 2148 3755 queque
2198 3677 2402 3751 mode,

402 3785 552 3847 dum
600 3804 679 3846 ex
725 3785 879 3846 urbe
926 3785 1246 3864 praesidia
1292 3784 1597 3864 opperior,
1648 3783 1716 3843 in
1765 3782 2039 3845 Galliam
2094 3780 2406 3860 proficisci
