2967 4300
412 287 493 353 18
1093 295 1152 347 e.
1199 295 1549 348 SALLUSTI
1594 294 1831 346 omsm
2328 295 2518 361 [25-26

513 475 725 530 menta
752 469 1036 529 luxuriae
1059 474 1222 530 sunt.
1312 469 1433 529 Sed
1462 478 1522 527 ei
1549 468 1791 528 cariora
1819 486 2064 549 semper
2092 467 2303 527 omnia
2329 486 2517 545 quam

515 577 701 636 decus
751 581 940 654 atque
989 574 1297 653 pudicitia
1342 574 1505 651 fuit3
1573 575 1874 653 pecuniae
1923 550 2034 739 ag>
2052 574 2261 634 famae
2307 574 2526 643 minus

514 687 812 759 parceret,
867 680 1039 740 haud
1094 680 1283 740 facile
1339 664 1791 781 discerneres}
1820 680 1957 740 lubi
2003 689 2039 739 ὃ
2095 689 2184 739 sic
2240 689 2515 755 accensa,

515 794 587 847 ut
620 787 869 864 saepius
911 790 1155 863 peteret
1194 785 1362 845 viros
1407 803 1591 862 quam
1639 791 1970 863 peteretur.
2060 785 2183 845 Sed
2221 803 2295 845 ea
2332 803 2517 862 saepe

438 901 469 946 5
516 892 778 951 antehac
827 890 1015 950 fidem
1064 890 1447 968 prodiderat,
1492 890 1801 950 creditum
1851 890 2263 965 abiuraverat,
2279 960 2290 967 ‚
2307 891 2518 951 caedis

513 996 765 1075 conscia
809 995 1052 1071 fuerat3
1114 995 1367 1055 luxuria
1414 1001 1603 1073 atque
1652 995 1866 1073 inopia
1912 1013 2209 1072 praeceps
2258 996 2514 1056 abierat.

514 1103 749 1161 Verum
813 1100 1136 1176 ingenium
1191 1101 1327 1160 eius
1381 1100 1554 1160 haud
1615 1101 1987 1177 absurdum3
2062 1118 2244 1178 posse
2299 1111 2518 1162 versus

516 1207 740 1281 facere,
797 1205 1000 1265 iocum
1068 1215 1335 1281 movere,
1393 1215 1675 1266 sermone
1743 1212 1843 1265 uti
1904 1205 2007 1264 vel
2073 1207 2356 1266 modesto
2417 1205 2518 1266 vel

516 1310 694 1370 molli
741 1309 842 1370 vel
890 1319 1173 1388 procac13
1238 1319 1494 1388 prorsus
1549 1310 1785 1370 multae
1839 1310 2108 1370 facetiae
2156 1310 2519 1389 multusque

413 1431 471 1478 10
516 1416 692 1494 lepos
732 1415 955 1477 inerat.

597 1520 877 1599 26st1s
929 1522 1114 1582 rebus
1172 1526 1565 1600 comparatIS,
1615 1521 1892 1582 Catilina
1945 1521 2149 1582 nihilo
2195 1521 2404 1582 minus
2451 1521 2520 1581 in

517 1646 889 1706 proxumum
932 1647 1166 1688 annum
1208 1628 1608 1688 consulatum
1651 1628 1922 1705 petebat,
1954 1637 2231 1705 speram,
2268 1637 2324 1687 si
2366 1628 2522 1688 desi-

519 1739 744 1808 gnatus
800 1733 983 1808 foret,
1033 1732 1220 1792 facile
1279 1743 1344 1792 se
1399 1751 1478 1792 ex
1527 1733 1853 1792 voluntate
1907 1733 2188 1793 Antonio
2243 1742 2517 1792 usurum.

515 1838 742 1915 Neque
774 1838 1015 1897 interea
1051 1836 1300 1914 quietus
1341 1842 1494 1912 erat,
1526 1837 1636 1897 sed
1679 1837 1966 1897 omnibus
2008 1839 2213 1897 modis
2257 1838 2521 1897 insidias

416 1957 471 2004 15
518 1942 780 2019 parabat
809 1941 1109 2003 Ciceroni.
1194 1942 1416 2018 Neque
1459 1941 1561 2000 illi
1597 1947 1810 2001 tamen
1848 1942 1928 2001 ad
1963 1942 2308 2001 cavendum
2342 1942 2520 2003 dolus

520 2052 628 2107 aut
655 2046 926 2107 astutiae
955 2046 1227 2107 deerant.
1311 2048 1602 2124 Namque
1631 2056 1669 2106 a
1694 2046 2006 2123 principio
2032 2046 2393 2107 consulatus
2424 2057 2523 2108 sui

508 2152 723 2226 *multa
757 2152 1112 2230 pollicendo
1148 2170 1259 2230 per
1296 2152 1588 2212 Fulviam
1627 2152 1934 2227 effecerat,
1964 2157 2038 2211 ut
2064 2153 2136 2223 Q.
2169 2153 2413 2228 Curius,
2445 2154 2522 2212 de

521 2267 644 2335 quo
692 2256 882 2335 paulo
929 2263 1076 2318 ante
1132 2267 1490 2333 memoravi,
1536 2257 1802 2317 consilia
1857 2257 2169 2318 Catilinae
2219 2258 2340 2319 sibi
2387 2269 2527 2336 pro·

522 2363 712 2423 deret.
797 2362 904 2422 Ad
940 2331 1396 2446 hfflollegam
1444 2382 1625 2446 suum
1663 2363 2013 2423 Antonium
2058 2363 2346 2442 pactione
2390 2374 2527 2442 pro-

415 2481 475 2526 20
521 2468 764 2532 vinciae
818 2441 1194 2547 perpulerat,
1251 2479 1331 2528 ne
1385 2465 1606 2529 contra
1658 2465 1789 2528 rem
1847 2469 2163 2558 publicam
2223 2475 2521 2547 sentiret3

520 2573 753 2632 circum
804 2584 869 2633 se
917 2574 1232 2650 praesidia
1281 2582 1618 2635 amicerum
1671 2580 1859 2653 atque
1908 2575 2250 2635 clientiufi?
2285 2576 2525 2637 occulte

602 2786 698 2851 18,
727 2784 915 2838 19-20.
966 2785 1157 2854 Atque
1185 2786 1363 2839 etiam
1385 2784 1509 2839 viro
1537 2785 1692 2851 forti,
1723 2787 1971 2856 colffigae
2002 2795 2142 2852 meo,
2167 2787 2291 2841 laus
2321 2788 2526 2857 imper-

520 2876 679 2939 titur,
720 2872 873 2941 quod
911 2880 1020 2937 eos,
1059 2881 1157 2942 qui
1196 2872 1362 2927 huius
1401 2873 1806 2928 coniurationis
1847 2874 2155 2945 participes
2195 2875 2455 2939 fuissent,
2494 2885 2526 2929 a

521 2967 638 3012 suis
667 2963 725 3013 et
752 2969 785 3013 Ξ
808 2967 891 3013 rei
916 2959 1170 3029 publicae
1196 2959 1444 3014 consiliis
1469 2960 1797 3014 removisset
1813 2968 1900 3013 ¹—
1916 2961 2024 3014 III.
2054 2977 2134 3015 v1.

603 3049 698 3111 18,
720 3022 989 3115 2149&
1040 3047 1146 3101 His
1171 3051 1298 3100 tum
1322 3046 1492 3100 rebus
1519 3050 1848 3111 commotus,
1868 3050 1927 3100 et
1952 3046 2104 3116 quod
2128 3046 2388 3101 homines
2408 3048 2523 3102 iam

448 3142 476 3186 5
522 3136 650 3185 tum
675 3135 989 3188 coniuratos
1016 3152 1146 3188 cum
1173 3135 1378 3205 gladiis
1409 3134 1469 3185 in
1504 3150 1769 3201 campum
1804 3133 2007 3187 deduci
2044 3143 2077 3186 a
2113 3133 2360 3188 Catilina
2395 3136 2520 3189 scie—

525 3219 675 3282 bam,
716 3221 980 3275 descendi
1016 3222 1079 3275 in
1115 3239 1381 3292 campum
1418 3238 1548 3275 cum
1587 3219 1925 3273 firmissimo
1967 3220 2250 3289 praesidio
2292 3221 2524 3276 fortissi-

527 3313 750 3358 morum
774 3308 1027 3363 virorum
1051 3314 1108 3363 et
1133 3328 1265 3363 cum
1290 3310 1387 3362 ills
1412 3310 1526 3362 lata
1549 3315 1870 3378 insignique
1900 3307 2085 3371 lorica,
2112 3316 2223 3361 non
2256 3327 2402 3377 quae
2435 3318 2524 3362 me

526 3396 1062 3462 tegeret‚—etenin1
1089 3396 1339 3451 sciebam
1365 3395 1676 3450 Catilinam
1703 3392 1816 3448 non
1840 3394 1999 3448 latus·
2017 3398 2117 3448 aut
2135 3400 2409 3463 ventrem,
2430 3397 2526 3450 sed

526 3483 698 3551 caput
723 3482 781 3532 et
806 3479 1014 3533 collum
1039 3484 1217 3537 solere
1242 3488 1449 3553 petere,
1464 3490 1751 3536 —verum
1777 3484 1841 3535 ut
1874 3489 2070 3535 omnes
2103 3481 2529 3565 boniqanimad-

437 3574 494 3621 10
521 3570 819 3631 verterent,
858 3570 931 3630 et,
975 3583 1100 3619 cum
1143 3570 1203 3622 in
1244 3574 1401 3622 metu
1439 3574 1498 3623 et
1536 3569 1784 3639 periculo
1824 3567 2109 3622 consulem
2149 3568 2424 3659 viderent,
2460 3569 2528 3624 ·id

523 3656 673 3732 quod
708 3658 796 3709 est
829 3652 1066 3718 factum,
1107 3654 1179 3706 ad
1216 3672 1382 3723 opem
1418 3655 1872 3730 praesidiumque
1902 3659 2297 3710 concurrerent
2330 3683 2404 3704 ψ,-
2424 3656 2482 3702 Ρ
2507 3666 2524 3673 “

524 3730 781 3820 Murena,
806 3756 981 3796 xxw.
