2967 4300
468 365 558 430 40

480 1511 536 1557 10

480 2033 537 2079 15

480 3826 538 3871 10

1156 377 1217 431 C.
1261 377 1614 429 SALLUSTI
1658 376 1895 427 CRISPI
2394 375 2582 440 [50-51

577 549 704 627 bat,
735 555 1073 612 convocato
1112 556 1351 625 senatu,
1383 550 1579 609 refert
1607 549 1761 626 quid
1788 548 1866 608 de
1895 548 1975 608 iis
2009 547 2149 607 fieri
2183 547 2446 625 placeat,
2476 557 2587 624 qui

576 655 644 715 in
673 655 1023 716 custodiam
1050 656 1273 715 traditi
1301 661 1497 715 erant.
1514 654 1734 714 —Sed
1761 663 1866 714 eos
1896 653 2085 731 paulo
2113 658 2259 713 ante
2287 652 2584 730 frequens

579 766 834 821 senatus
867 761 1256 821 iudicaverat
1288 765 1507 820 contra
1542 778 1669 819 rem
1708 758 2024 837 publicam
2062 758 2303 819 fecisse.
2325 794 2408 804 —
2425 759 2585 817 Tum

578 867 654 925 D.
701 866 924 927 Iunius
969 866 1239 943 Silanus,
1283 876 1526 944 primus
1570 865 1945 927 sententiam
1989 871 2261 941 rogatus,
2305 864 2474 942 quod
2514 873 2588 924 eo

577 977 857 1049 tempore
904 972 1123 1032 consul
1167 972 1530 1048 designatus
1574 977 1725 1046 erat,
1767 971 1844 1030 de
1885 971 1984 1046 iis,
2025 980 2135 1048 qui
2176 970 2243 1029 in
2284 970 2587 1031 custodiis

578 1077 971 1152 tenebantur,
1007 1083 1073 1137 et
1112 1083 1436 1156 praeterea
1477 1077 1556 1137 de
1598 1077 1668 1136 L.
1706 1077 1941 1152 Cassio,
1978 1077 2047 1134 P.
2090 1076 2297 1151 Furio,
2336 1077 2407 1134 P.
2440 1077 2590 1136 Um-

578 1183 790 1258 breno,
840 1184 907 1254 Q.
959 1183 1189 1259 Annio,
1242 1193 1299 1243 si
1353 1183 1728 1260 deprehensi
1780 1183 2008 1258 forent,
2060 1181 2439 1260 supplicium
2495 1190 2590 1241 ssi-

580 1288 884 1348 mundum
940 1289 1333 1365 decreverat3
1406 1289 1587 1366 isque
1641 1293 1876 1366 postea,
1933 1293 2253 1365 permotus
2309 1286 2588 1347 oratione

582 1394 648 1456 C.
695 1393 997 1469 Caesaris,
1041 1393 1307 1471 pedibus
1355 1393 1423 1453 in
1472 1393 1851 1455 sententiam
1893 1393 1986 1452 Ti.
2030 1392 2303 1453 Neronis
2353 1393 2584 1452 iturum

584 1507 650 1560 se
688 1499 951 1576 dixerat,
987 1508 1099 1577 qui
1135 1499 1214 1559 de
1251 1507 1327 1559 ea
1363 1508 1448 1574 re,
1478 1498 1809 1577 praesidiis
1842 1499 2147 1572 abductis,
2183 1497 2588 1557 referundum

583 1609 924 1673 censuerat.
1012 1603 1135 1664 Sed
1173 1602 1418 1679 Caesar,
1448 1603 1558 1664 ubi
1595 1605 1677 1664 ad
1715 1622 1857 1663 eum
1893 1609 2149 1664 ventum
2188 1608 2302 1678 est,
2335 1607 2589 1678 rogatus

585 1710 960 1770 sententiam
991 1718 1029 1768 a
1056 1709 1328 1784 consule,
1356 1709 1618 1770 huiusce
1647 1710 1818 1769 modi
1849 1710 2036 1769 verba
2064 1708 2308 1769 locutus
2339 1713 2465 1768 est:

664 1814 760 1876 51.
822 1820 858 1851 “
876 1814 1096 1876 Omnis
1137 1813 1441 1889 homines,
1480 1820 1693 1893 patres
1734 1819 2090 1892 conscripti,
2134 1823 2245 1891 qui
2285 1813 2365 1883 de
2406 1813 2590 1874 rebus

584 1920 791 1980 dubiis
814 1919 1190 1993 consultant,
1214 1920 1294 1980 ab
1321 1920 1482 1996 odio,
1509 1919 1803 1996 amicitia,
1826 1929 1921 1980 ira
1948 1925 2135 1997 atque
2164 1917 2593 1980 misericordia

584 2034 812 2084 vacuos
840 2043 977 2085 esse
1006 2024 1200 2084 decet.
1286 2025 1480 2085 Haud
1518 2022 1707 2086 facile
1745 2024 1991 2085 animus
2024 2035 2239 2085 verum
2280 2023 2590 2101 providet,

583 2129 693 2191 ubi
721 2129 835 2191 illa
863 2128 1159 2206 officiunt,
1189 2148 1390 2210 neque
1419 2130 1751 2210 quisquam
1783 2130 2062 2191 omnium
2095 2130 2369 2192 lubidini
2403 2129 2591 2191 simul

584 2241 649 2296 et
675 2245 821 2296 usui
847 2236 1073 2314 paruit.
1147 2237 1275 2298 Ubi
1305 2236 1651 2298 intenderis
1681 2237 2022 2313 ingenium,
2044 2236 2246 2314 valet3
2292 2245 2346 2296 si
2376 2235 2595 2296 lubido

583 2341 882 2420 possidet,
911 2359 987 2401 ea
1021 2341 1394 2418 dominatur,
1425 2343 1672 2402 animus
1706 2342 1871 2402 nihil
1899 2342 2085 2403 valet.
2169 2342 2406 2418 Magna
2438 2340 2592 2400 mihi

584 2446 763 2524 copia
805 2451 903 2507 est
944 2447 1346 2522 memorandi,
1387 2453 1599 2525 patres
1641 2454 1997 2526 conscripti,
2033 2456 2146 2526 qui
2184 2456 2361 2523 reges
2404 2452 2591 2524 atque

583 2551 820 2630 populi,
855 2561 951 2613 ira
992 2558 1101 2611 aut
1141 2553 1571 2614 misericordia
1611 2553 1888 2632 impulsi,
1924 2553 2087 2614 male
2128 2553 2589 2628 consuluerint3

585 2657 696 2719 sed
723 2676 797 2718 ea
824 2656 990 2718 malo
1018 2657 1241 2734 dicere,
1271 2677 1431 2736 quae
1459 2659 1728 2719 maiores
1763 2664 1965 2720 nostri
1997 2664 2216 2719 contra
2247 2657 2592 2719 lubidinem

584 2762 781 2823 animi
818 2772 917 2824 sui
953 2768 1122 2823 recte
1159 2768 1349 2841 atque
1387 2764 1606 2824 ordine
1643 2764 1865 2824 fecere.
1951 2763 2133 2824 Bello
2169 2762 2591 2838 Macedonico,

664 3036 758 3097 40,
784 3033 941 3087 2-11.
994 3032 1178 3087 Video
1203 3033 1343 3088 duis
1370 3033 1554 3088 adhfic
1580 3051 1700 3089 esse
1725 3035 2063 3101 sententiam
2101 3040 2275 3088 finam
2301 3032 2370 3086 D.
2397 3032 2591 3096 Silani,

583 3127 682 3190 qui
705 3125 897 3174 censet
920 3128 1031 3186 eos,
1059 3128 1155 3189 qui
1186 3120 1326 3175 haec
1355 3121 1543 3175 delere
1580 3128 1765 3177 conati
1799 3126 1949 3188 sunt,
1980 3126 2162 3176 morte
2196 3138 2314 3176 esse
2352 3120 2593 3174 multan-

583 3207 715 3273 d6s3
761 3208 996 3282 alteram
1035 3206 1096 3261 C.
1136 3207 1407 3275 Caesaris,
1443 3217 1543 3278 qui
1579 3210 1777 3264 mortis
1813 3227 2054 3280 poenam
2090 3213 2356 3274 removet,
2390 3211 2595 3262 cetero-

583 3312 712 3348 rum
749 3294 1153 3365 suppliciorum
1191 3303 1386 3350 omnes
1426 3297 1761 3352 acerbitates
1797 3298 2173 3369 amplectitur.
2247 3296 2497 3365 Uterque
2534 3297 2594 3347 et

582 3389 685 3453 pro
708 3391 811 3436 suii
834 3382 1113 3452 dignitate
1148 3386 1206 3436 et
1239 3391 1342 3452 pro
1377 3391 1568 3438 rerum
1606 3385 1999 3456 magnitudine
2037 3385 2097 3438 in
2134 3392 2355 3439 summa
2389 3380 2592 3437 severi·

581 3472 697 3524 tiite
721 3472 988 3522 versatur.
1045 3469 1209 3523 Alter
1232 3477 1343 3538 εδει,
1370 3479 1468 3540 qui
1494 3480 1595 3526 nos
1621 3480 1817 3526 omnes
1843 3478 1961 3526 vita
1984 3480 2204 3542 privare
2228 3475 2415 3525 coniti
2440 3472 2592 3536 sunt,

581 3563 683 3627 qui
719 3556 906 3609 delere
944 3555 1266 3626 imperium,
1304 3566 1402 3627 qui
1443 3560 1639 3628 populi
1684 3560 1925 3614 Romani
1969 3567 2171 3613 nomen
2212 3558 2591 3628 exstinguere,

581 3646 858 3714 piinctum
884 3643 1154 3712 temporis
1179 3642 1297 3696 frui
1323 3650 1438 3714 vita
1470 3651 1529 3699 et
1565 3645 1669 3700 hoc
1704 3653 1992 3701 communi
2031 3646 2235 3716 spiritu
2272 3653 2386 3700 non
2423 3646 2592 3714 putat

582 3734 841 3800 oportere
867 3732 1036 3798 atque
1062 3730 1168 3782 hoc
1193 3746 1373 3798 genus
1398 3749 1612 3801 poenae
1638 3750 1802 3803 saepe
1827 3734 1887 3786 in
1914 3733 2200 3803 improbos
2226 3739 2375 3787 cives
2400 3731 2461 3784 in
2487 3730 2590 3784 hac

581 3824 644 3871 re
668 3815 897 3887 publici
919 3831 1037 3869 esse
1063 3819 1390 3885 fissit-patum
1415 3819 1759 3874 recordatur.
1777 3851 1848 3861 —
1863 3820 1967 3875 iv.
1996 3835 2080 3876 ιν.
