<?xml version="1.0" encoding="UTF-8"?>
<!DOCTYPE html PUBLIC "-//W3C//DTD XHTML 1.0 Transitional//EN"
    "http://www.w3.org/TR/xhtml1/DTD/xhtml1-transitional.dtd">
<html xmlns="http://www.w3.org/1999/xhtml" xml:lang="en" lang="en">
 <head>
  <title>
</title>
<meta http-equiv="Content-Type" content="text/html;charset=utf-8" />
  <meta name='ocr-system' content='tesseract 3.04.00' />
  <meta name='ocr-capabilities' content='ocr_page ocr_carea ocr_par ocr_line ocrx_word'/>
</head>
<body>
  <div class='ocr_page' id='page_1' title='image "./gaisallusticris00cicegoog_0082.png"; bbox 0 0 2967 4300; ppageno 0'>
   <div class='ocr_carea' id='block_1_1' title="bbox 455 355 539 420">
    <p class='ocr_par' dir='ltr' id='par_1_1' title="bbox 455 355 539 420">
     <span class='ocr_line' id='line_1_1' title="bbox 455 355 539 420; baseline -0.012 0"><span class='ocrx_word' id='word_1_1' title='bbox 455 355 539 420; x_wconf 84' lang='lat'>56</span> 
     </span>
    </p>
   </div>
   <div class='ocr_carea' id='block_1_2' title="bbox 459 1500 515 1546">
    <p class='ocr_par' dir='ltr' id='par_1_2' title="bbox 459 1500 515 1546">
     <span class='ocr_line' id='line_1_2' title="bbox 459 1500 515 1546; baseline -0.018 0"><span class='ocrx_word' id='word_1_2' title='bbox 459 1500 515 1546; x_wconf 89' lang='grc'>10</span> 
     </span>
    </p>
   </div>
   <div class='ocr_carea' id='block_1_3' title="bbox 1036 363 2557 429">
    <p class='ocr_par' dir='ltr' id='par_1_3' title="bbox 1036 363 2557 429">
     <span class='ocr_line' id='line_1_3' title="bbox 1036 363 2557 429; baseline -0.001 -14"><span class='ocrx_word' id='word_1_3' title='bbox 1036 366 1047 377; x_wconf 88' lang='grc'><strong>“</strong></span> <span class='ocrx_word' id='word_1_4' title='bbox 1143 366 1200 415; x_wconf 90' lang='lat' dir='ltr'>C.</span> <span class='ocrx_word' id='word_1_5' title='bbox 1250 364 1600 415; x_wconf 87' lang='lat' dir='ltr'>SALLUSTI</span> <span class='ocrx_word' id='word_1_6' title='bbox 1647 363 1882 414; x_wconf 87' lang='lat' dir='ltr'>CRISPI</span> <span class='ocrx_word' id='word_1_7' title='bbox 2372 364 2557 429; x_wconf 76' lang='lat' dir='ltr'>[oo-61</span> 
     </span>
    </p>
   </div>
   <div class='ocr_carea' id='block_1_4' title="bbox 557 535 2567 1563">
    <p class='ocr_par' dir='ltr' id='par_1_4' title="bbox 557 535 2567 1563">
     <span class='ocr_line' id='line_1_4' title="bbox 557 535 2561 614; baseline -0.001 -17"><span class='ocrx_word' id='word_1_8' title='bbox 557 535 918 597; x_wconf 81' lang='lat' dir='ltr'>ferentariis</span> <span class='ocrx_word' id='word_1_9' title='bbox 967 535 1274 614; x_wconf 90' lang='lat' dir='ltr'>proelium</span> <span class='ocrx_word' id='word_1_10' title='bbox 1322 535 1632 595; x_wconf 89' lang='lat' dir='ltr'>committi</span> <span class='ocrx_word' id='word_1_11' title='bbox 1680 540 1907 613; x_wconf 89' lang='lat' dir='ltr'>posset,</span> <span class='ocrx_word' id='word_1_12' title='bbox 1953 544 2245 595; x_wconf 83' lang='lat' dir='ltr'>maxumo</span> <span class='ocrx_word' id='word_1_13' title='bbox 2293 535 2561 596; x_wconf 84' lang='lat' dir='ltr'>clamore</span> 
     </span>
     <span class='ocr_line' id='line_1_5' title="bbox 559 640 2562 719; baseline -0.001 -15"><span class='ocrx_word' id='word_1_14' title='bbox 559 664 699 704; x_wconf 82' lang='lat' dir='ltr'>cum</span> <span class='ocrx_word' id='word_1_15' title='bbox 747 643 1000 703; x_wconf 84' lang='lat' dir='ltr'>infestis</span> <span class='ocrx_word' id='word_1_16' title='bbox 1052 651 1248 717; x_wconf 88' lang='lat' dir='ltr'>signis</span> <span class='ocrx_word' id='word_1_17' title='bbox 1303 647 1713 717; x_wconf 83' lang='lat' dir='ltr'>concurrunt3</span> <span class='ocrx_word' id='word_1_18' title='bbox 1780 640 1910 719; x_wconf 87' lang='lat' dir='ltr'>pila</span> <span class='ocrx_word' id='word_1_19' title='bbox 1965 641 2283 716; x_wconf 88' lang='lat' dir='ltr'>omittunt,</span> <span class='ocrx_word' id='word_1_20' title='bbox 2335 641 2562 717; x_wconf 85' lang='lat' dir='ltr'>gladiis</span> 
     </span>
     <span class='ocr_line' id='line_1_6' title="bbox 559 746 2564 825; baseline -0.001 -17"><span class='ocrx_word' id='word_1_21' title='bbox 559 760 657 810; x_wconf 85' lang='lat' dir='ltr'>res</span> <span class='ocrx_word' id='word_1_22' title='bbox 699 749 953 825; x_wconf 80' lang='lat' dir='ltr'>geritur.</span> <span class='ocrx_word' id='word_1_23' title='bbox 1039 749 1356 822; x_wconf 75' lang='lat' dir='ltr'>Veterani,</span> <span class='ocrx_word' id='word_1_24' title='bbox 1400 747 1706 824; x_wconf 76' lang='lat' dir='ltr'>pristinae</span> <span class='ocrx_word' id='word_1_25' title='bbox 1747 746 2003 807; x_wconf 79' lang='lat' dir='ltr'>virtutis</span> <span class='ocrx_word' id='word_1_26' title='bbox 2045 757 2367 822; x_wconf 81' lang='lat' dir='ltr'>memores,</span> <span class='ocrx_word' id='word_1_27' title='bbox 2407 765 2564 807; x_wconf 93' lang='lat' dir='ltr'>com-</span> 
     </span>
     <span class='ocr_line' id='line_1_7' title="bbox 558 851 2565 938; baseline 0 -25"><span class='ocrx_word' id='word_1_28' title='bbox 558 855 765 915; x_wconf 89' lang='lat' dir='ltr'>minus</span> <span class='ocrx_word' id='word_1_29' title='bbox 795 854 1021 913; x_wconf 90' lang='lat' dir='ltr'>acriter</span> <span class='ocrx_word' id='word_1_30' title='bbox 1049 857 1301 927; x_wconf 88' lang='lat' dir='ltr'>instare,</span> <span class='ocrx_word' id='word_1_31' title='bbox 1326 851 1425 911; x_wconf 93' lang='lat' dir='ltr'>illi</span> <span class='ocrx_word' id='word_1_32' title='bbox 1451 852 1625 912; x_wconf 89' lang='lat' dir='ltr'>haud</span> <span class='ocrx_word' id='word_1_33' title='bbox 1651 852 1864 912; x_wconf 83' lang='lat' dir='ltr'>timidi</span> <span class='ocrx_word' id='word_1_34' title='bbox 1890 851 2225 938; x_wconf 80' lang='lat' dir='ltr'>resistunt3</span> <span class='ocrx_word' id='word_1_35' title='bbox 2269 861 2565 913; x_wconf 83' lang='lat' dir='ltr'>maxuma</span> 
     </span>
     <span class='ocr_line' id='line_1_8' title="bbox 558 941 2564 1036; baseline -0 -17"><span class='ocrx_word' id='word_1_36' title='bbox 558 970 624 1019; x_wconf 88' lang='lat' dir='ltr'>vi</span> <span class='ocrx_word' id='word_1_37' title='bbox 651 964 939 1019; x_wconf 87' lang='lat' dir='ltr'>certatur.</span> <span class='ocrx_word' id='word_1_38' title='bbox 1017 959 1270 1018; x_wconf 86' lang='lat' dir='ltr'>Interea</span> <span class='ocrx_word' id='word_1_39' title='bbox 1290 957 1569 1019; x_wconf 76' lang='lat' dir='ltr'>Catilina</span> <span class='ocrx_word' id='word_1_40' title='bbox 1595 941 1737 1017; x_wconf 82' lang='lat' dir='ltr'>cum</span> <span class='ocrx_word' id='word_1_41' title='bbox 1765 958 2075 1035; x_wconf 85' lang='lat' dir='ltr'>expeditis</span> <span class='ocrx_word' id='word_1_42' title='bbox 2105 958 2172 1016; x_wconf 92' lang='lat' dir='ltr'>in</span> <span class='ocrx_word' id='word_1_43' title='bbox 2201 967 2405 1036; x_wconf 88' lang='lat' dir='ltr'>prima</span> <span class='ocrx_word' id='word_1_44' title='bbox 2432 958 2564 1018; x_wconf 91' lang='lat' dir='ltr'>acie</span> 
     </span>
     <span class='ocr_line' id='line_1_9' title="bbox 559 1054 2565 1141; baseline 0 -17"><span class='ocrx_word' id='word_1_45' title='bbox 559 1074 814 1139; x_wconf 86' lang='lat' dir='ltr'>vorsari,</span> <span class='ocrx_word' id='word_1_46' title='bbox 837 1054 1265 1123; x_wconf 83' lang='lat' dir='ltr'>laborantibus</span> <span class='ocrx_word' id='word_1_47' title='bbox 1289 1081 1663 1138; x_wconf 81' lang='lat' dir='ltr'>succurrere,</span> <span class='ocrx_word' id='word_1_48' title='bbox 1689 1062 1964 1138; x_wconf 83' lang='lat' dir='ltr'>integres</span> <span class='ocrx_word' id='word_1_49' title='bbox 1986 1072 2099 1141; x_wconf 82' lang='lat' dir='ltr'>pro</span> <span class='ocrx_word' id='word_1_50' title='bbox 2121 1063 2349 1123; x_wconf 92' lang='lat' dir='ltr'>sauciis</span> <span class='ocrx_word' id='word_1_51' title='bbox 2372 1081 2565 1124; x_wconf 87' lang='lat' dir='ltr'>arces-</span> 
     </span>
     <span class='ocr_line' id='line_1_10' title="bbox 560 1167 2563 1246; baseline -0.001 -16"><span class='ocrx_word' id='word_1_52' title='bbox 560 1188 712 1244; x_wconf 91' lang='lat' dir='ltr'>sere,</span> <span class='ocrx_word' id='word_1_53' title='bbox 737 1168 945 1228; x_wconf 87' lang='lat' dir='ltr'>omnia</span> <span class='ocrx_word' id='word_1_54' title='bbox 966 1168 1309 1246; x_wconf 82' lang='lat' dir='ltr'>providere,</span> <span class='ocrx_word' id='word_1_55' title='bbox 1334 1167 1602 1228; x_wconf 91' lang='lat' dir='ltr'>multum</span> <span class='ocrx_word' id='word_1_56' title='bbox 1625 1168 1759 1246; x_wconf 90' lang='lat' dir='ltr'>ipse</span> <span class='ocrx_word' id='word_1_57' title='bbox 1789 1177 2084 1246; x_wconf 82' lang='lat' dir='ltr'>pugnare,</span> <span class='ocrx_word' id='word_1_58' title='bbox 2110 1186 2292 1245; x_wconf 86' lang='lat' dir='ltr'>saepe</span> <span class='ocrx_word' id='word_1_59' title='bbox 2320 1169 2563 1229; x_wconf 90' lang='lat' dir='ltr'>hostem</span> 
     </span>
     <span class='ocr_line' id='line_1_11' title="bbox 559 1273 2567 1352; baseline -0.001 -17"><span class='ocrx_word' id='word_1_60' title='bbox 559 1276 783 1351; x_wconf 81' lang='lat' dir='ltr'>ferire3</span> <span class='ocrx_word' id='word_1_61' title='bbox 824 1280 1063 1335; x_wconf 90' lang='lat' dir='ltr'>strenui</span> <span class='ocrx_word' id='word_1_62' title='bbox 1085 1273 1308 1335; x_wconf 90' lang='lat' dir='ltr'>militis</span> <span class='ocrx_word' id='word_1_63' title='bbox 1337 1280 1401 1334; x_wconf 92' lang='lat' dir='ltr'>et</span> <span class='ocrx_word' id='word_1_64' title='bbox 1427 1274 1576 1334; x_wconf 92' lang='lat' dir='ltr'>boni</span> <span class='ocrx_word' id='word_1_65' title='bbox 1604 1274 2000 1352; x_wconf 85' lang='lat' dir='ltr'>imperatoris</span> <span class='ocrx_word' id='word_1_66' title='bbox 2030 1273 2232 1334; x_wconf 92' lang='lat' dir='ltr'>officia</span> <span class='ocrx_word' id='word_1_67' title='bbox 2259 1274 2446 1335; x_wconf 90' lang='lat' dir='ltr'>simul</span> <span class='ocrx_word' id='word_1_68' title='bbox 2469 1293 2567 1334; x_wconf 84' lang='lat' dir='ltr'>ex-</span> 
     </span>
     <span class='ocr_line' id='line_1_12' title="bbox 561 1379 2564 1465; baseline -0 -25"><span class='ocrx_word' id='word_1_69' title='bbox 561 1381 949 1458; x_wconf 69' lang='lat' dir='ltr'>sequebatur.</span> <span class='ocrx_word' id='word_1_70' title='bbox 1027 1379 1334 1455; x_wconf 82' lang='lat' dir='ltr'>Petreius,</span> <span class='ocrx_word' id='word_1_71' title='bbox 1355 1379 1464 1440; x_wconf 91' lang='lat' dir='ltr'>ubi</span> <span class='ocrx_word' id='word_1_72' title='bbox 1484 1379 1662 1439; x_wconf 86' lang='lat' dir='ltr'>videt</span> <span class='ocrx_word' id='word_1_73' title='bbox 1683 1379 2042 1454; x_wconf 83' lang='lat' dir='ltr'>Catilinam,</span> <span class='ocrx_word' id='word_1_74' title='bbox 2061 1384 2278 1465; x_wconf 76' lang='lat' dir='ltr'>contra</span> <span class='ocrx_word' id='word_1_75' title='bbox 2299 1397 2370 1439; x_wconf 90' lang='lat' dir='ltr'>ac</span> <span class='ocrx_word' id='word_1_76' title='bbox 2393 1385 2564 1440; x_wconf 90' lang='lat' dir='ltr'>ratus</span> 
     </span>
     <span class='ocr_line' id='line_1_13' title="bbox 559 1485 2565 1563; baseline 0 -18"><span class='ocrx_word' id='word_1_77' title='bbox 559 1492 712 1561; x_wconf 92' lang='lat' dir='ltr'>erat,</span> <span class='ocrx_word' id='word_1_78' title='bbox 752 1495 978 1562; x_wconf 88' lang='lat' dir='ltr'>magna</span> <span class='ocrx_word' id='word_1_79' title='bbox 1014 1495 1081 1544; x_wconf 88' lang='lat' dir='ltr'>vi</span> <span class='ocrx_word' id='word_1_80' title='bbox 1120 1486 1396 1560; x_wconf 87' lang='lat' dir='ltr'>tendere,</span> <span class='ocrx_word' id='word_1_81' title='bbox 1440 1485 1756 1545; x_wconf 89' lang='lat' dir='ltr'>cohortem</span> <span class='ocrx_word' id='word_1_82' title='bbox 1801 1485 2175 1563; x_wconf 82' lang='lat' dir='ltr'>praetoriam</span> <span class='ocrx_word' id='word_1_83' title='bbox 2219 1485 2287 1543; x_wconf 93' lang='lat' dir='ltr'>in</span> <span class='ocrx_word' id='word_1_84' title='bbox 2328 1485 2565 1545; x_wconf 82' lang='lat' dir='ltr'>medios</span> 
     </span>
    </p>
   </div>
   <div class='ocr_carea' id='block_1_5' title="bbox 516 1578 2569 1668">
    <p class='ocr_par' dir='ltr' id='par_1_5' title="bbox 516 1578 2569 1668">
     <span class='ocr_line' id='line_1_14' title="bbox 516 1578 2569 1668; baseline -0 -17"><span class='ocrx_word' id='word_1_85' title='bbox 516 1632 522 1637; x_wconf 92' lang='lat'><em>-</em></span> <span class='ocrx_word' id='word_1_86' title='bbox 559 1592 761 1652; x_wconf 90' lang='lat' dir='ltr'>hostis</span> <span class='ocrx_word' id='word_1_87' title='bbox 799 1590 1059 1666; x_wconf 77' lang='lat' dir='ltr'>inducit,</span> <span class='ocrx_word' id='word_1_88' title='bbox 1096 1578 1323 1667; x_wconf 83' lang='lat' dir='ltr'>eosque</span> <span class='ocrx_word' id='word_1_89' title='bbox 1361 1591 1758 1668; x_wconf 81' lang='lat' dir='ltr'>perturbatos</span> <span class='ocrx_word' id='word_1_90' title='bbox 1798 1595 1986 1667; x_wconf 92' lang='lat' dir='ltr'>atque</span> <span class='ocrx_word' id='word_1_91' title='bbox 2028 1589 2186 1650; x_wconf 85' lang='lat' dir='ltr'>alios</span> <span class='ocrx_word' id='word_1_92' title='bbox 2230 1590 2384 1651; x_wconf 90' lang='lat' dir='ltr'>alibi</span> <span class='ocrx_word' id='word_1_93' title='bbox 2423 1590 2569 1650; x_wconf 89' lang='lat' dir='ltr'>resi-</span> 
     </span>
    </p>
   </div>
   <div class='ocr_carea' id='block_1_6' title="bbox 560 1694 2603 1984">
    <p class='ocr_par' dir='ltr' id='par_1_6' title="bbox 560 1694 2603 1984">
     <span class='ocr_line' id='line_1_15' title="bbox 562 1694 2567 1772; baseline -0.001 -15"><span class='ocrx_word' id='word_1_94' title='bbox 562 1702 788 1757; x_wconf 88' lang='lat' dir='ltr'>stentis</span> <span class='ocrx_word' id='word_1_95' title='bbox 838 1695 1170 1772; x_wconf 87' lang='lat' dir='ltr'>interficit3</span> <span class='ocrx_word' id='word_1_96' title='bbox 1228 1695 1452 1755; x_wconf 89' lang='lat' dir='ltr'>deinde</span> <span class='ocrx_word' id='word_1_97' title='bbox 1502 1696 1819 1772; x_wconf 87' lang='lat' dir='ltr'>utrimque</span> <span class='ocrx_word' id='word_1_98' title='bbox 1861 1713 1940 1755; x_wconf 84' lang='lat' dir='ltr'>ex</span> <span class='ocrx_word' id='word_1_99' title='bbox 1984 1694 2286 1756; x_wconf 89' lang='lat' dir='ltr'>lateribus</span> <span class='ocrx_word' id='word_1_100' title='bbox 2329 1703 2567 1755; x_wconf 68' lang='lat' dir='ltr'>ceteras</span> 
     </span>
     <span class='ocr_line' id='line_1_16' title="bbox 561 1791 2603 1879; baseline -0.001 -16"><span class='ocrx_word' id='word_1_101' title='bbox 561 1801 935 1879; x_wconf 84' lang='lat' dir='ltr'>aggreditur.</span> <span class='ocrx_word' id='word_1_102' title='bbox 1021 1800 1300 1861; x_wconf 90' lang='lat' dir='ltr'>Manlius</span> <span class='ocrx_word' id='word_1_103' title='bbox 1330 1805 1394 1860; x_wconf 91' lang='lat' dir='ltr'>et</span> <span class='ocrx_word' id='word_1_104' title='bbox 1421 1800 1810 1861; x_wconf 78' lang='lat' dir='ltr'>Faesulanus</span> <span class='ocrx_word' id='word_1_105' title='bbox 1851 1801 1918 1860; x_wconf 91' lang='lat' dir='ltr'>in</span> <span class='ocrx_word' id='word_1_106' title='bbox 1956 1810 2177 1878; x_wconf 88' lang='lat' dir='ltr'>primis</span> <span class='ocrx_word' id='word_1_107' title='bbox 2215 1807 2568 1878; x_wconf 81' lang='lat' dir='ltr'>pugnantes</span> <span class='ocrx_word' id='word_1_108' title='bbox 2599 1791 2603 1794; x_wconf 39' lang='lat'><strong>⁴</strong></span> 
     </span>
     <span class='ocr_line' id='line_1_17' title="bbox 560 1905 2567 1984; baseline 0 -19"><span class='ocrx_word' id='word_1_109' title='bbox 560 1907 809 1966; x_wconf 86' lang='lat' dir='ltr'>cadunt.</span> <span class='ocrx_word' id='word_1_110' title='bbox 883 1905 1173 1980; x_wconf 87' lang='lat' dir='ltr'>Catilina,</span> <span class='ocrx_word' id='word_1_111' title='bbox 1192 1911 1525 1983; x_wconf 86' lang='lat' dir='ltr'>postquam</span> <span class='ocrx_word' id='word_1_112' title='bbox 1545 1907 1720 1979; x_wconf 32' lang='lat' dir='ltr'>fus-as</span> <span class='ocrx_word' id='word_1_113' title='bbox 1743 1906 1952 1984; x_wconf 83' lang='lat' dir='ltr'>copias</span> <span class='ocrx_word' id='word_1_114' title='bbox 1977 1916 2166 1983; x_wconf 90' lang='lat' dir='ltr'>seque</span> <span class='ocrx_word' id='word_1_115' title='bbox 2189 1925 2330 1966; x_wconf 90' lang='lat' dir='ltr'>cum</span> <span class='ocrx_word' id='word_1_116' title='bbox 2353 1915 2567 1983; x_wconf 90' lang='lat' dir='ltr'>paucis</span> 
     </span>
    </p>
   </div>
   <div class='ocr_carea' id='block_1_7' title="bbox 466 1989 2571 2089">
    <p class='ocr_par' dir='ltr' id='par_1_7' title="bbox 466 1989 2571 2089">
     <span class='ocr_line' id='line_1_18' title="bbox 466 1989 2571 2089; baseline 0.001 -22"><span class='ocrx_word' id='word_1_117' title='bbox 466 2026 505 2067; x_wconf 64' lang='grc' dir='ltr'>ι·</span> <span class='ocrx_word' id='word_1_118' title='bbox 562 1989 851 2072; x_wconf 79' lang='lat' dir='ltr'>relictum</span> <span class='ocrx_word' id='word_1_119' title='bbox 880 2010 1070 2086; x_wconf 85' lang='lat' dir='ltr'>videt,</span> <span class='ocrx_word' id='word_1_120' title='bbox 1097 2028 1332 2070; x_wconf 91' lang='lat' dir='ltr'>memor</span> <span class='ocrx_word' id='word_1_121' title='bbox 1359 2011 1603 2087; x_wconf 88' lang='lat' dir='ltr'>generis</span> <span class='ocrx_word' id='word_1_122' title='bbox 1633 2017 1822 2088; x_wconf 89' lang='lat' dir='ltr'>atque</span> <span class='ocrx_word' id='word_1_123' title='bbox 1852 2012 2157 2089; x_wconf 86' lang='lat' dir='ltr'>pristinae</span> <span class='ocrx_word' id='word_1_124' title='bbox 2192 2030 2340 2072; x_wconf 90' lang='lat' dir='ltr'>suae</span> <span class='ocrx_word' id='word_1_125' title='bbox 2375 2011 2571 2087; x_wconf 81' lang='lat' dir='ltr'>digni-</span> 
     </span>
    </p>
   </div>
   <div class='ocr_carea' id='block_1_8' title="bbox 458 3085 516 3129">
    <p class='ocr_par' dir='ltr' id='par_1_8' title="bbox 458 3085 516 3129">
     <span class='ocr_line' id='line_1_19' title="bbox 458 3085 516 3129; baseline 0 0"><span class='ocrx_word' id='word_1_126' title='bbox 458 3085 516 3129; x_wconf 86' lang='lat'>25</span> 
     </span>
    </p>
   </div>
   <div class='ocr_carea' id='block_1_9' title="bbox 461 3598 520 3643">
    <p class='ocr_par' dir='ltr' id='par_1_9' title="bbox 461 3598 520 3643">
     <span class='ocr_line' id='line_1_20' title="bbox 461 3598 520 3643; baseline 0 0"><span class='ocrx_word' id='word_1_127' title='bbox 461 3598 520 3643; x_wconf 80' lang='lat'>30</span> 
     </span>
    </p>
   </div>
   <div class='ocr_carea' id='block_1_10' title="bbox 562 2116 2573 3878">
    <p class='ocr_par' dir='ltr' id='par_1_10' title="bbox 562 2116 2569 2282">
     <span class='ocr_line' id='line_1_21' title="bbox 562 2116 2569 2195; baseline 0 -18"><span class='ocrx_word' id='word_1_128' title='bbox 562 2117 732 2193; x_wconf 89' lang='lat' dir='ltr'>tatis,</span> <span class='ocrx_word' id='word_1_129' title='bbox 778 2116 846 2175; x_wconf 90' lang='lat' dir='ltr'>in</span> <span class='ocrx_word' id='word_1_130' title='bbox 894 2116 1408 2179; x_wconf 82' lang='lat' dir='ltr'>confertissumes</span> <span class='ocrx_word' id='word_1_131' title='bbox 1457 2116 1660 2178; x_wconf 88' lang='lat' dir='ltr'>hostis</span> <span class='ocrx_word' id='word_1_132' title='bbox 1711 2116 1974 2178; x_wconf 89' lang='lat' dir='ltr'>incurrit</span> <span class='ocrx_word' id='word_1_133' title='bbox 2021 2116 2234 2195; x_wconf 89' lang='lat' dir='ltr'>ibique</span> <span class='ocrx_word' id='word_1_134' title='bbox 2283 2125 2569 2195; x_wconf 83' lang='lat' dir='ltr'>pugnans</span> 
     </span>
     <span class='ocr_line' id='line_1_22' title="bbox 562 2222 1886 2282; baseline 0 0"><span class='ocrx_word' id='word_1_135' title='bbox 562 2222 935 2282; x_wconf 67' lang='lat' dir='ltr'>confoditur.</span> <span class='ocrx_word' id='word_1_136' title='bbox 1880 2230 1886 2236; x_wconf 83' lang='lat'>&#39;</span> 
     </span>
    </p>

    <p class='ocr_par' dir='ltr' id='par_1_11' title="bbox 562 2326 2571 3545">
     <span class='ocr_line' id='line_1_23' title="bbox 641 2326 2571 2405; baseline -0.001 -17"><span class='ocrx_word' id='word_1_137' title='bbox 641 2326 738 2388; x_wconf 83' lang='lat'>61.</span> <span class='ocrx_word' id='word_1_138' title='bbox 799 2327 940 2402; x_wconf 81' lang='lat' dir='ltr'>Sed,</span> <span class='ocrx_word' id='word_1_139' title='bbox 982 2328 1268 2389; x_wconf 80' lang='lat' dir='ltr'>cenfecto</span> <span class='ocrx_word' id='word_1_140' title='bbox 1316 2328 1573 2405; x_wconf 84' lang='lat' dir='ltr'>proelio,</span> <span class='ocrx_word' id='word_1_141' title='bbox 1616 2334 1753 2388; x_wconf 92' lang='lat' dir='ltr'>tum</span> <span class='ocrx_word' id='word_1_142' title='bbox 1794 2337 1943 2388; x_wconf 82' lang='lat' dir='ltr'>vero</span> <span class='ocrx_word' id='word_1_143' title='bbox 1991 2337 2291 2403; x_wconf 88' lang='lat' dir='ltr'>cerneres,</span> <span class='ocrx_word' id='word_1_144' title='bbox 2336 2333 2571 2405; x_wconf 91' lang='lat' dir='ltr'>quanta</span> 
     </span>
     <span class='ocr_line' id='line_1_24' title="bbox 563 2413 2565 2518; baseline 0 -26"><span class='ocrx_word' id='word_1_145' title='bbox 563 2433 822 2493; x_wconf 86' lang='lat' dir='ltr'>audacia</span> <span class='ocrx_word' id='word_1_146' title='bbox 850 2439 1208 2510; x_wconf 89' lang='lat' dir='ltr'>quantaque</span> <span class='ocrx_word' id='word_1_147' title='bbox 1237 2432 1550 2518; x_wconf 59' lang='lat' dir='ltr'>aniQis</span> <span class='ocrx_word' id='word_1_148' title='bbox 1580 2434 1809 2494; x_wconf 81' lang='lat' dir='ltr'>fuisset</span> <span class='ocrx_word' id='word_1_149' title='bbox 1837 2434 1903 2492; x_wconf 94' lang='lat' dir='ltr'>in</span> <span class='ocrx_word' id='word_1_150' title='bbox 1931 2413 2212 2492; x_wconf 82' lang='lat' dir='ltr'>exercitu</span> <span class='ocrx_word' id='word_1_151' title='bbox 2240 2413 2565 2494; x_wconf 88' lang='lat' dir='ltr'>Catilinae.</span> 
     </span>
     <span class='ocr_line' id='line_1_25' title="bbox 562 2538 2566 2618; baseline 0 -21"><span class='ocrx_word' id='word_1_152' title='bbox 562 2538 725 2598; x_wconf 87' lang='lat' dir='ltr'>Nam</span> <span class='ocrx_word' id='word_1_153' title='bbox 765 2539 899 2599; x_wconf 76' lang='lat' dir='ltr'>fere</span> <span class='ocrx_word' id='word_1_154' title='bbox 935 2559 1122 2618; x_wconf 92' lang='lat' dir='ltr'>quem</span> <span class='ocrx_word' id='word_1_155' title='bbox 1161 2540 1425 2618; x_wconf 89' lang='lat' dir='ltr'>quisque</span> <span class='ocrx_word' id='word_1_156' title='bbox 1460 2550 1638 2600; x_wconf 85' lang='lat' dir='ltr'>vivos</span> <span class='ocrx_word' id='word_1_157' title='bbox 1674 2539 2014 2617; x_wconf 75' lang='lat' dir='ltr'>pugnando</span> <span class='ocrx_word' id='word_1_158' title='bbox 2054 2538 2260 2598; x_wconf 91' lang='lat' dir='ltr'>locum</span> <span class='ocrx_word' id='word_1_159' title='bbox 2300 2544 2566 2617; x_wconf 89' lang='lat' dir='ltr'>ceperat,</span> 
     </span>
     <span class='ocr_line' id='line_1_26' title="bbox 563 2644 2567 2746; baseline 0 -44"><span class='ocrx_word' id='word_1_160' title='bbox 563 2662 722 2720; x_wconf 90' lang='lat' dir='ltr'>eum,</span> <span class='ocrx_word' id='word_1_161' title='bbox 754 2644 983 2705; x_wconf 90' lang='lat' dir='ltr'>amissa</span> <span class='ocrx_word' id='word_1_162' title='bbox 1020 2645 1246 2722; x_wconf 89' lang='lat' dir='ltr'>anima,</span> <span class='ocrx_word' id='word_1_163' title='bbox 1276 2646 1834 2746; x_wconf 45' lang='lat' dir='ltr'>corporeffegebat.</span> <span class='ocrx_word' id='word_1_164' title='bbox 1921 2644 2117 2704; x_wconf 90' lang='lat' dir='ltr'>Pauci</span> <span class='ocrx_word' id='word_1_165' title='bbox 2154 2650 2382 2718; x_wconf 90' lang='lat' dir='ltr'>autem,</span> <span class='ocrx_word' id='word_1_166' title='bbox 2413 2652 2567 2720; x_wconf 81' lang='lat' dir='ltr'>quos</span> 
     </span>
     <span class='ocr_line' id='line_1_27' title="bbox 563 2749 2568 2829; baseline -0 -21"><span class='ocrx_word' id='word_1_167' title='bbox 563 2749 803 2809; x_wconf 82' lang='lat' dir='ltr'>medios</span> <span class='ocrx_word' id='word_1_168' title='bbox 845 2749 1062 2810; x_wconf 90' lang='lat' dir='ltr'>cohors</span> <span class='ocrx_word' id='word_1_169' title='bbox 1104 2751 1417 2829; x_wconf 78' lang='lat' dir='ltr'>praeteria</span> <span class='ocrx_word' id='word_1_170' title='bbox 1458 2750 1806 2827; x_wconf 87' lang='lat' dir='ltr'>disiecerat,</span> <span class='ocrx_word' id='word_1_171' title='bbox 1849 2750 2038 2828; x_wconf 80' lang='lat' dir='ltr'>paule</span> <span class='ocrx_word' id='word_1_172' title='bbox 2085 2750 2413 2824; x_wconf 79' lang='lat' dir='ltr'>divorsiUS‚</span> <span class='ocrx_word' id='word_1_173' title='bbox 2458 2749 2568 2808; x_wconf 89' lang='lat' dir='ltr'>sed</span> 
     </span>
     <span class='ocr_line' id='line_1_28' title="bbox 564 2835 2571 2926; baseline -0.001 -12"><span class='ocrx_word' id='word_1_174' title='bbox 564 2865 776 2915; x_wconf 89' lang='lat' dir='ltr'>omnes</span> <span class='ocrx_word' id='word_1_175' title='bbox 818 2861 1030 2915; x_wconf 91' lang='lat' dir='ltr'>tamen</span> <span class='ocrx_word' id='word_1_176' title='bbox 1072 2857 1355 2916; x_wconf 88' lang='lat' dir='ltr'>advorsis</span> <span class='ocrx_word' id='word_1_177' title='bbox 1390 2835 1749 2926; x_wconf 60' lang='lat' dir='ltr'>volneribus</span> <span class='ocrx_word' id='word_1_178' title='bbox 1791 2855 2206 2916; x_wconf 89' lang='lat' dir='ltr'>conciderant.</span> <span class='ocrx_word' id='word_1_179' title='bbox 2294 2854 2571 2916; x_wconf 90' lang='lat' dir='ltr'>Catilina</span> 
     </span>
     <span class='ocr_line' id='line_1_29' title="bbox 562 2961 2567 3038; baseline -0 -19"><span class='ocrx_word' id='word_1_180' title='bbox 562 2970 710 3021; x_wconf 82' lang='lat' dir='ltr'>vero</span> <span class='ocrx_word' id='word_1_181' title='bbox 755 2961 943 3038; x_wconf 82' lang='lat' dir='ltr'>longe</span> <span class='ocrx_word' id='word_1_182' title='bbox 983 2970 1020 3021; x_wconf 89' lang='lat' dir='ltr'>a</span> <span class='ocrx_word' id='word_1_183' title='bbox 1063 2971 1192 3022; x_wconf 91' lang='lat' dir='ltr'>suis</span> <span class='ocrx_word' id='word_1_184' title='bbox 1238 2962 1403 3021; x_wconf 91' lang='lat' dir='ltr'>inter</span> <span class='ocrx_word' id='word_1_185' title='bbox 1448 2961 1724 3021; x_wconf 89' lang='lat' dir='ltr'>hostium</span> <span class='ocrx_word' id='word_1_186' title='bbox 1770 2961 2077 3022; x_wconf 86' lang='lat' dir='ltr'>cadavera</span> <span class='ocrx_word' id='word_1_187' title='bbox 2121 2965 2404 3037; x_wconf 88' lang='lat' dir='ltr'>repertus</span> <span class='ocrx_word' id='word_1_188' title='bbox 2453 2965 2567 3034; x_wconf 89' lang='lat' dir='ltr'>est,</span> 
     </span>
     <span class='ocr_line' id='line_1_30' title="bbox 562 3064 2571 3144; baseline -0.001 -19"><span class='ocrx_word' id='word_1_189' title='bbox 562 3065 888 3143; x_wconf 87' lang='lat' dir='ltr'>paululum</span> <span class='ocrx_word' id='word_1_190' title='bbox 927 3066 1116 3126; x_wconf 89' lang='lat' dir='ltr'>etiam</span> <span class='ocrx_word' id='word_1_191' title='bbox 1155 3076 1417 3144; x_wconf 85' lang='lat' dir='ltr'>spirans,</span> <span class='ocrx_word' id='word_1_192' title='bbox 1448 3066 1871 3143; x_wconf 80' lang='lat' dir='ltr'>ferociamque</span> <span class='ocrx_word' id='word_1_193' title='bbox 1910 3065 2122 3142; x_wconf 89' lang='lat' dir='ltr'>animi,</span> <span class='ocrx_word' id='word_1_194' title='bbox 2153 3084 2341 3142; x_wconf 89' lang='lat' dir='ltr'>quam</span> <span class='ocrx_word' id='word_1_195' title='bbox 2382 3064 2571 3125; x_wconf 90' lang='lat' dir='ltr'>habu-</span> 
     </span>
     <span class='ocr_line' id='line_1_31' title="bbox 564 3169 2571 3246; baseline -0 -16"><span class='ocrx_word' id='word_1_196' title='bbox 564 3177 699 3231; x_wconf 89' lang='lat' dir='ltr'>erat</span> <span class='ocrx_word' id='word_1_197' title='bbox 739 3181 934 3246; x_wconf 87' lang='lat' dir='ltr'>vivos,</span> <span class='ocrx_word' id='word_1_198' title='bbox 978 3171 1045 3230; x_wconf 93' lang='lat' dir='ltr'>in</span> <span class='ocrx_word' id='word_1_199' title='bbox 1086 3172 1264 3231; x_wconf 78' lang='lat' dir='ltr'>voltu</span> <span class='ocrx_word' id='word_1_200' title='bbox 1305 3171 1599 3232; x_wconf 87' lang='lat' dir='ltr'>retinens.</span> <span class='ocrx_word' id='word_1_201' title='bbox 1692 3172 2018 3231; x_wconf 77' lang='lat' dir='ltr'>Postreme</span> <span class='ocrx_word' id='word_1_202' title='bbox 2059 3190 2137 3231; x_wconf 87' lang='lat' dir='ltr'>ex</span> <span class='ocrx_word' id='word_1_203' title='bbox 2180 3179 2350 3230; x_wconf 91' lang='lat' dir='ltr'>omni</span> <span class='ocrx_word' id='word_1_204' title='bbox 2390 3169 2571 3245; x_wconf 82' lang='lat' dir='ltr'>copia</span> 
     </span>
     <span class='ocr_line' id='line_1_32' title="bbox 564 3276 2569 3355; baseline -0 -21"><span class='ocrx_word' id='word_1_205' title='bbox 564 3295 765 3353; x_wconf 91' lang='lat' dir='ltr'>neque</span> <span class='ocrx_word' id='word_1_206' title='bbox 793 3276 863 3335; x_wconf 91' lang='lat' dir='ltr'>in</span> <span class='ocrx_word' id='word_1_207' title='bbox 890 3277 1128 3354; x_wconf 80' lang='lat' dir='ltr'>proelio</span> <span class='ocrx_word' id='word_1_208' title='bbox 1160 3296 1360 3355; x_wconf 89' lang='lat' dir='ltr'>neque</span> <span class='ocrx_word' id='word_1_209' title='bbox 1400 3277 1467 3335; x_wconf 92' lang='lat' dir='ltr'>in</span> <span class='ocrx_word' id='word_1_210' title='bbox 1505 3278 1660 3352; x_wconf 83' lang='lat' dir='ltr'>fuga</span> <span class='ocrx_word' id='word_1_211' title='bbox 1697 3276 2030 3354; x_wconf 91' lang='lat' dir='ltr'>quisquam</span> <span class='ocrx_word' id='word_1_212' title='bbox 2069 3276 2226 3335; x_wconf 88' lang='lat' dir='ltr'>civis</span> <span class='ocrx_word' id='word_1_213' title='bbox 2265 3276 2569 3350; x_wconf 90' lang='lat' dir='ltr'>ingenuus</span> 
     </span>
     <span class='ocr_line' id='line_1_33' title="bbox 562 3379 2571 3467; baseline -0.001 -27"><span class='ocrx_word' id='word_1_214' title='bbox 562 3387 784 3467; x_wconf 87' lang='lat' dir='ltr'>captus</span> <span class='ocrx_word' id='word_1_215' title='bbox 814 3386 941 3442; x_wconf 86' lang='lat' dir='ltr'>est:</span> <span class='ocrx_word' id='word_1_216' title='bbox 989 3382 1080 3441; x_wconf 88' lang='lat' dir='ltr'>ita</span> <span class='ocrx_word' id='word_1_217' title='bbox 1108 3388 1316 3442; x_wconf 80' lang='lat' dir='ltr'>cuncti</span> <span class='ocrx_word' id='word_1_218' title='bbox 1345 3400 1493 3443; x_wconf 89' lang='lat' dir='ltr'>suae</span> <span class='ocrx_word' id='word_1_219' title='bbox 1517 3381 1922 3459; x_wconf 84' lang='lat' dir='ltr'>hostiumque</span> <span class='ocrx_word' id='word_1_220' title='bbox 1951 3386 2120 3441; x_wconf 88' lang='lat' dir='ltr'>vitae</span> <span class='ocrx_word' id='word_1_221' title='bbox 2150 3379 2328 3440; x_wconf 81' lang='lat' dir='ltr'>iuxta</span> <span class='ocrx_word' id='word_1_222' title='bbox 2360 3397 2571 3457; x_wconf 89' lang='lat' dir='ltr'>peper-</span> 
     </span>
     <span class='ocr_line' id='line_1_34' title="bbox 565 3491 792 3545; baseline 0.004 -1"><span class='ocrx_word' id='word_1_223' title='bbox 565 3491 792 3545; x_wconf 90' lang='lat' dir='ltr'>cerant.</span> 
     </span>
    </p>

    <p class='ocr_par' dir='ltr' id='par_1_12' title="bbox 564 3590 2573 3878">
     <span class='ocr_line' id='line_1_35' title="bbox 643 3590 2573 3671; baseline 0 -23"><span class='ocrx_word' id='word_1_224' title='bbox 643 3591 866 3667; x_wconf 88' lang='lat' dir='ltr'>Neque</span> <span class='ocrx_word' id='word_1_225' title='bbox 900 3596 1112 3652; x_wconf 88' lang='lat' dir='ltr'>tamen</span> <span class='ocrx_word' id='word_1_226' title='bbox 1150 3593 1460 3654; x_wconf 84' lang='lat' dir='ltr'>exercitus</span> <span class='ocrx_word' id='word_1_227' title='bbox 1501 3593 1721 3671; x_wconf 91' lang='lat' dir='ltr'>populi</span> <span class='ocrx_word' id='word_1_228' title='bbox 1758 3593 2031 3653; x_wconf 85' lang='lat' dir='ltr'>Romani</span> <span class='ocrx_word' id='word_1_229' title='bbox 2066 3591 2297 3652; x_wconf 88' lang='lat' dir='ltr'>laetam</span> <span class='ocrx_word' id='word_1_230' title='bbox 2336 3595 2445 3650; x_wconf 91' lang='lat' dir='ltr'>aut</span> <span class='ocrx_word' id='word_1_231' title='bbox 2483 3590 2573 3648; x_wconf 90' lang='lat' dir='ltr'>in-</span> 
     </span>
     <span class='ocr_line' id='line_1_36' title="bbox 564 3695 2570 3775; baseline 0.001 -21"><span class='ocrx_word' id='word_1_232' title='bbox 564 3700 885 3754; x_wconf 87' lang='lat' dir='ltr'>cruentam</span> <span class='ocrx_word' id='word_1_233' title='bbox 939 3695 1266 3755; x_wconf 83' lang='lat' dir='ltr'>victoriam</span> <span class='ocrx_word' id='word_1_234' title='bbox 1321 3698 1605 3775; x_wconf 84' lang='lat' dir='ltr'>adeptus·</span> <span class='ocrx_word' id='word_1_235' title='bbox 1640 3702 1806 3773; x_wconf 85' lang='lat' dir='ltr'>erat3</span> <span class='ocrx_word' id='word_1_236' title='bbox 1878 3716 2021 3757; x_wconf 89' lang='lat' dir='ltr'>nam</span> <span class='ocrx_word' id='word_1_237' title='bbox 2082 3695 2570 3757; x_wconf 83' lang='lat' dir='ltr'>strenuissumus</span> 
     </span>
     <span class='ocr_line' id='line_1_37' title="bbox 566 3799 2571 3878; baseline 0.002 -21"><span class='ocrx_word' id='word_1_238' title='bbox 566 3799 830 3875; x_wconf 89' lang='lat' dir='ltr'>quisque</span> <span class='ocrx_word' id='word_1_239' title='bbox 868 3804 978 3858; x_wconf 89' lang='lat' dir='ltr'>aut</span> <span class='ocrx_word' id='word_1_240' title='bbox 1015 3799 1325 3860; x_wconf 88' lang='lat' dir='ltr'>occiderat</span> <span class='ocrx_word' id='word_1_241' title='bbox 1360 3801 1430 3859; x_wconf 92' lang='lat' dir='ltr'>in</span> <span class='ocrx_word' id='word_1_242' title='bbox 1466 3802 1737 3878; x_wconf 78' lang='lat' dir='ltr'>proelio,</span> <span class='ocrx_word' id='word_1_243' title='bbox 1756 3805 1866 3862; x_wconf 90' lang='lat' dir='ltr'>aut</span> <span class='ocrx_word' id='word_1_244' title='bbox 1904 3802 2178 3877; x_wconf 83' lang='lat' dir='ltr'>graviter</span> <span class='ocrx_word' id='word_1_245' title='bbox 2211 3800 2571 3862; x_wconf 83' lang='lat' dir='ltr'>volneratus</span> 
     </span>
    </p>
   </div>
   <div class='ocr_carea' id='block_1_11' title="bbox 2941 820 2948 1513">
    <p class='ocr_par' dir='ltr' id='par_1_13' title="bbox 2941 820 2948 1513">
     <span class='ocr_line' id='line_1_38' title="bbox 2941 820 2948 1513; baseline 0 0"><span class='ocrx_word' id='word_1_246' title='bbox 2941 820 2948 1513; x_wconf 95' lang='lat' dir='ltr'> </span> 
     </span>
    </p>
   </div>
   <div class='ocr_carea' id='block_1_12' title="bbox 2942 2932 2947 3922">
    <p class='ocr_par' dir='ltr' id='par_1_14' title="bbox 2942 2932 2947 3922">
     <span class='ocr_line' id='line_1_39' title="bbox 2942 2932 2947 3922; baseline 0 0"><span class='ocrx_word' id='word_1_247' title='bbox 2942 2932 2947 3922; x_wconf 95' lang='lat' dir='ltr'> </span> 
     </span>
    </p>
   </div>
  </div>
 </body>
</html>
