2967 4300
444 345 526 410 48

447 1487 505 1533 10

447 2013 505 2059 15

447 3583 506 3630 30

1126 353 1185 404 C.
1234 352 1586 403 SALLUSTI
1630 351 1868 403 CRISPI
2464 348 2552 413 [52

546 528 766 587 damus
802 525 1079 601 divitias,
1111 524 1430 604 sequimur
1457 523 1785 600 inertiam3
1830 523 1994 582 inter
2022 522 2215 583 bones
2253 527 2319 583 et
2353 521 2553 582 malos

546 633 884 694 discrimen
922 630 1159 691 nullum
1166 676 1183 707 ,
1214 630 1426 691 omnia
1450 630 1711 691 virtutis
1748 628 2028 708 praemia
2063 627 2325 688 ambitio
2362 627 2555 706 possi-

547 738 670 798 det.
757 739 980 815 Neque
1008 745 1269 796 mirum:
1314 736 1423 797 ubi
1453 745 1564 796 ves
1594 734 1930 814 separatim
1959 733 2081 795 sibi
2114 733 2380 811 quisque
2418 742 2556 793 cen-

548 843 761 905 silium
805 842 1047 920 capitis,
1090 841 1199 901 ubi
1245 842 1415 901 domi
1455 840 1905 918 voluptatibuS,
1948 839 2053 899 hic
2096 838 2396 916 pecuniae
2445 843 2555 898 aut

548 949 785 1026 gratiae
831 947 1100 1023 servitis,
1144 956 1218 1007 eo
1262 945 1354 1022 fit,
1396 951 1469 1006 ut
1512 945 1787 1023 impetus
1831 945 1954 1005 fiat
2001 944 2069 1004 in
2109 961 2372 1005 vacuam
2421 961 2552 1003 rem
2608 931 2626 947 ⁶

548 1053 881 1133 publicam.

629 1161 665 1193 “
685 1156 808 1216 Sed
837 1174 950 1231 ego
979 1155 1128 1215 haec
1157 1154 1396 1215 omitte.
1485 1155 1903 1217 Coniuravere
1944 1154 2344 1216 nobilissumi
2386 1165 2554 1216 cives

549 1261 817 1340 patriam
859 1261 1206 1336 incendere,
1246 1260 1574 1322 Gallorum
1616 1265 1866 1337 gentem
1910 1260 2409 1321 infestissumam
2452 1270 2556 1322 no-

549 1366 708 1425 mini
755 1367 1040 1427 Romane
1087 1366 1169 1427 ad
1223 1365 1456 1426 bellum
1508 1370 1847 1442 arcessunt,
1895 1365 2024 1425 dux
2078 1365 2358 1441 hostium
2413 1385 2555 1427 cum

550 1472 829 1532 exercitu
863 1480 1053 1550 supra
1084 1476 1275 1549 caput
1310 1476 1442 1546 est3
1488 1480 1599 1532 ves
1638 1471 2021 1531 cunctamini
2057 1471 2251 1532 etiam
2288 1491 2454 1532 nunc
2492 1477 2555 1532 et

551 1577 875 1653 dubitatis,
908 1577 1062 1655 quid
1099 1576 1268 1637 intra
1307 1576 1554 1636 moenia
1593 1576 1998 1654 deprehensis
2040 1577 2326 1639 hostibus
2367 1578 2557 1638 facia-

548 1683 635 1744 tis
656 1685 689 1743 ⁴?
757 1682 1187 1743 Misereamini
1208 1682 1860 1759 censeo—deliquere
1888 1682 2173 1743 homines
2202 1683 2557 1745 adulescen-

549 1787 674 1849 tuli
719 1806 831 1866 per
874 1787 1278 1848 ambitionem
1297 1823 1378 1832 —
1397 1794 1589 1864 atque
1635 1787 1825 1848 etiam
1874 1794 2144 1849 armatos
2192 1789 2550 1850 dimittatis.

549 1894 650 1953 Ne
694 1893 820 1954 ista
861 1893 1040 1954 vobis
1085 1893 1498 1954 mansuetudo
1543 1898 1609 1952 et
1652 1892 2093 1969 misericordia,
2138 1904 2193 1956 si
2236 1894 2336 1954 illi
2382 1912 2558 1955 arma

550 1998 848 2077 ceperint,
878 1998 946 2058 in
974 1998 1290 2059 miseriam
1319 2004 1661 2059 convortat.
1750 1998 2001 2069 Scilicet
2029 2009 2128 2060 res
2162 2000 2301 2078 ipsa
2334 2018 2556 2079 aspera

551 2109 665 2180 est,
697 2105 807 2166 sed
834 2113 945 2165 vos
979 2113 1105 2166 non
1137 2103 1377 2165 timetis
1411 2122 1564 2165 eam.
1650 2105 1855 2166 Immo
1888 2114 2035 2166 vero
2072 2115 2393 2182 maxume3
2447 2106 2555 2167 sed

551 2211 786 2271 inertia
810 2216 874 2270 et
901 2210 1173 2271 mollitia
1198 2210 1394 2271 animi
1422 2210 1583 2271 alius
1612 2210 1805 2271 alium
1842 2216 2277 2288 exspectantes
2312 2217 2557 2272 cuncta-

551 2316 726 2392 mini,
769 2315 1065 2376 videlicet
1111 2316 1209 2377 dis
1258 2316 1716 2376 immortalibus
1765 2316 2013 2391 confisi,
2056 2326 2167 2394 qui
2212 2317 2375 2377 hanc
2423 2336 2555 2378 rem

551 2421 866 2500 publicam
912 2439 1096 2499 saepe
1143 2421 1211 2480 in
1257 2430 1568 2482 maxumis
1617 2420 1914 2498 periculis
1965 2431 2305 2483 servavere.
2406 2425 2556 2484 Non

553 2532 715 2587 vetis
743 2545 945 2604 neque
974 2526 1301 2605 suppliciis
1335 2525 1744 2586 muliebribus
1778 2525 2017 2587 auxilia
2051 2528 2302 2588 deorum
2341 2547 2558 2607 paran-

551 2638 688 2707 tur3
732 2631 1069 2708 vigilando,
1099 2633 1363 2708 agunde,
1396 2631 1550 2691 bene
1588 2632 1976 2693 consulundo
2011 2642 2311 2710 prespera
2347 2633 2558 2694 omnia

552 2737 815 2813 cedunt3
857 2737 966 2797 ubi
997 2737 1309 2797 socordiae
1338 2742 1401 2796 te
1430 2742 1621 2813 atque
1650 2737 1937 2813 ignaviae
1966 2738 2321 2814 tradideris,
2344 2748 2559 2818 nequi-

553 2861 737 2920 quam
774 2842 923 2902 dees
956 2842 1287 2920 impleres;
1332 2847 1481 2901 irati
1515 2842 1857 2919 infestique
1894 2848 2054 2902 sunt.
2141 2845 2334 2921 Apud
2372 2846 2559 2906 maie-

551 2958 650 3009 res
699 2955 944 3009 nostres
989 2948 1066 3006 A.
1112 2946 1389 3007 Manlius
1433 2949 1787 3024 Torquatus
1836 2948 2002 3008 bello
2049 2948 2295 3010 Gallice
2342 2951 2555 3010 filium

553 3072 751 3128 suum,
795 3054 963 3131 quod
1007 3053 1063 3113 is
1107 3057 1326 3113 contra
1368 3051 1703 3129 imperium
1747 3052 1815 3111 in
1858 3053 2104 3114 hostem
2149 3061 2553 3132 pugnaverat,

551 3168 762 3219 necari
788 3158 993 3233 iussit,
1023 3164 1213 3235 atque
1242 3157 1353 3217 ille
1388 3157 1675 3232 egregius
1710 3157 2077 3218 adulescens
2110 3159 2557 3222 immoderatae

549 3262 946 3323 fortitudinis
993 3269 1192 3322 morte
1241 3271 1473 3340 poenas
1523 3262 1734 3338 dedit3
1796 3272 1908 3323 vos
1959 3263 2037 3323 de
2085 3264 2555 3327 crfidelissumis

550 3367 879 3445 parricidis
924 3369 1078 3444 quid
1125 3367 1419 3428 statuatis
1464 3368 1898 3428 cunctamini?
1993 3368 2307 3431 Videlicet
2351 3377 2559 3431 cetera

550 3478 685 3532 vita
717 3482 928 3532 eorum
964 3473 1111 3532 huic
1146 3473 1366 3533 sceleri
1401 3474 1626 3534 obstat.
1710 3474 1942 3534 Verum
1982 3475 2221 3551 parcite
2259 3475 2557 3552 dignitati

551 3577 826 3652 Lentuli,
857 3587 912 3637 si
938 3578 1074 3655 ipse
1102 3578 1462 3655 pudicitiae,
1495 3588 1550 3638 si
1577 3578 1784 3638 famae
1813 3587 1986 3654 suae,
2011 3588 2068 3640 si
2094 3580 2195 3641 dis
2223 3586 2334 3641 aut
2363 3581 2559 3642 homi-

551 3682 734 3742 nibus
780 3701 1075 3759 umquam
1119 3681 1269 3742 ullis
1314 3683 1633 3760 pepercit3
1697 3684 1999 3759 ignoscite
2044 3684 2308 3762 Cethegi
2350 3687 2560 3748 adule-

553 3785 840 3859 scentiae,
870 3786 998 3847 nisi
1025 3786 1255 3847 iterum
1283 3786 1524 3862 patriae
1550 3787 1786 3848 bellum
1813 3787 1986 3850 fecit.
2063 3789 2232 3850 Nam
2262 3792 2417 3872 quid
2443 3811 2557 3871 ego
